archivePrefix = {arXiv},
arxivId = {1607.02533},
author = {Kurakin, Alexey and Goodfellow, Ian J and Bengio, Samy},
booktitle = {Proceedings of the 5th International Conference on Learning Representations},
eprint = {1607.02533},
month = {April},
title = {{Adversarial examples in the physical world}},
year = {2017}
}
@inproceedings{Ko:2004td,
address = {Rome, Italy},
author = {Ko, Andrew J and Myers, Brad A and Aung, Htet Htet},
booktitle = {Proceedings of the 2004 IEEE Symposium on Visual Languages and Human Centric Computing},
doi = {10.1109/vlhcc.2004.47},
isbn = {0-78-038696-5},
month = {September},
pages = {199--206},
publisher = {IEEE},
title = {{Six learning barriers in end-user programming systems}},
year = {2004}
}
@inproceedings{sculley2011detecting,
address = {San Diego, CA, USA},
author = {Sculley, D and Otey, Matthew Eric and Pohl, Michael and Spitznagel, Bridget and Hainsworth, John and Zhou, Yunkai},
booktitle = {Proceedings of the 17th ACM SIGKDD International Conference on Knowledge Discovery and Data Mining},
doi = {10.1145/2020408.2020455},
month = {August},
organization = {ACM},
pages = {274--282},
publisher = {ACM},
title = {{Detecting adversarial advertisements in the wild}},
year = {2011}
}
@book{Dey:2003ty,
address = {New York, NY},
archivePrefix = {arXiv},
arxivId = {arXiv:1011.1669v3},
author = {Dey, I},
doi = {10.4324/9780203879276},
eprint = {arXiv:1011.1669v3},
howpublished = {$\backslash$url{\{}http://books.google.com/books?id=bttwENORfhgC{\{}$\backslash${\&}{\}}pgis=1{\{}$\backslash${\%}{\}}5Cnhttp://books.google.co.uk/books?id=uOw6PQAACAAJ{\{}$\backslash${\&}{\}}dq=Educational+Psychology:+Cognition+an{\}}d+Learning,+Individual+Differences+and+Motivation{\&}hl=en{\&}ei=bbZlTKeCCMKSjAem2Y3pCw{\&}sa=X{\&}oi=book{\_}result{\&}ct=result{\&}},
isbn = {6-31-231726-9},
issn = {1367-6539},
pmid = {2539002},
publisher = {Routledge},
title = {{Qualitative Data Analysis: A User-Friendly Guide for Social Scientists}},
year = {1993}
}
@article{Zupan:2000tp,
author = {Zupan, Blaz and Dem{\v{s}}Ar, Janez and Kattan, Michael W and Beck, J Robert and Bratko, Ivan},
journal = {Artificial intelligence in medicine},
number = {1},
pages = {59--75},
title = {{Machine learning for survival analysis: a case study on recurrence of prostate cancer}},
volume = {20},
year = {2000}
}
@article{Thrun:1996wh,
address = {Denver, CO, USA},
author = {Thrun, Sebastian},
issn = {1049-5258},
journal = {Proceedings of the 8th International Conference on Neural Information Processing Systems},
month = {November},
pages = {7},
publisher = {MIT Press},
title = {{Is Learning The n-th Thing Any Easier Than Learning The First?}},
year = {1996}
}
@inproceedings{Bajaj:2014wg,
address = {Hyderabad, India},
author = {Bajaj, Kartik and Pattabiraman, Karthik and Mesbah, Ali},
booktitle = {Proceedings of the 11th Working Conference on Mining Software Repositories},
doi = {10.1145/2597073.2597083},
isbn = {978-1-45-032863-0},
keywords = {Stack Overflow,Text mining,Topic modeling,Web developers},
month = {May},
pages = {112--121},
publisher = {ACM},
title = {{Mining questions asked by web developers}},
year = {2014}
}
@article{Wieringa:2006vd,
author = {Wieringa, Roel J and Heerkens, J M G},
doi = {10.1007/s00766-006-0037-6},
issn = {0947-3602},
journal = {Requirements Engineering},
number = {4},
pages = {295--307},
title = {{The methodological soundness of requirements engineering papers: A conceptual framework and two case studies}},
volume = {11},
year = {2006}
}
@article{Chillarege:1992tm,
author = {Chillarege, Ram and Bhandari, Inderpal S and Chaar, Jarir K and Halliday, Michael J and Ray, Bonnie K and Moebus, Diane S},
doi = {10.1109/32.177364},
issn = {0098-5589},
journal = {IEEE Transactions on Software Engineering},
number = {11},
pages = {943--956},
title = {{Orthogonal Defect Classification—A Concept for In-Process Measurements}},
volume = {18},
year = {1992}
}
@book{Hastie:2001wp,
author = {Hastie, Trevor and Tibshirani, Robert and Friedman, Jerome H},
edition = {2nd},
month = {January},
publisher = {Springer},
series = {Data Mining, Inference, and Prediction},
title = {{The Elements of Statistical Learning}},
year = {2001}
}
@article{Juristo:2012bp,
address = {Elba Island, Italy},
author = {Juristo, Natalia and G{\'{o}}mez, Omar S},
doi = {10.1007/978-3-642-25231-0_2},
isbn = {978-3-64-225230-3},
issn = {0302-9743},
journal = {Lecture Notes in Computer Science},
keywords = {Empirical Software Engineering,Experimental Replicaction,Experimental Software Engineering,Types of Replication},
pages = {60--88},
publisher = {Springer},
title = {{Replication of software engineering experiments}},
volume = {7007 LNCS},
year = {2011}
}
@inproceedings{Cheng:2001vw,
address = {Ottawa, ON, Canada},
author = {Cheng, Jie and Greiner, Russell},
booktitle = {Proceedings of the 14th Biennial Conference of the Canadian Society for Computational Studies of Intelligence},
doi = {10.1007/3-540-45153-6_14},
isbn = {3-54-042144-0},
issn = {1611-3349},
month = {June},
pages = {141--151},
publisher = {Springer},
title = {{Learning bayesian belief network classifiers: Algorithms and system}},
volume = {2056},
year = {2001}
}
@techreport{McCall:1977uy,
address = {Griffiss Air Force Base, NY, USA},
author = {McCall, Jim a. and Richards, Paul K and Walters, Gene F},
booktitle = {Technical Report: Rome Air Development Center, Air Force Systems Command},
institution = {General Electric Company},
month = {November},
number = {RADC-TR-77-369},
pages = {689--1699},
title = {{Factors in Software Quality: Concept and Definitions of Software Quality}},
volume = {1},
year = {1977}
}
@inproceedings{Allamanis:2013is,
address = {San Francisco, CA, USA},
author = {Allamanis, Miltiadis and Sutton, Charles},
booktitle = {Proceedings of the 10th IEEE International Working Conference on Mining Software Repositories},
doi = {10.1109/MSR.2013.6624004},
isbn = {978-1-46-732936-1},
issn = {2160-1852},
month = {May},
pages = {53--56},
publisher = {IEEE},
title = {{Why, when, and what: Analyzing stack overflow questions by topic, type, and code}},
year = {2013}
}
@article{Bunge:1963jm,
author = {Bunge, Mario},
doi = {10.1086/287954},
issn = {0031-8248},
journal = {Philosophy of Science},
month = {October},
number = {4},
pages = {346--358},
title = {{A General Black Box Theory}},
volume = {30},
year = {1963}
}
@article{mcleod2011factors,
author = {McLeod, Laurie and MacDonell, Stephen G},
doi = {10.1145/1978802.1978803},
issn = {0360-0300},
journal = {ACM Computing Surveys},
keywords = {Development processes,Institutional context,People and action,Project content,Project outcomes},
number = {4},
pages = {24},
publisher = {ACM},
title = {{Factors that affect software systems development project outcomes: A survey of research}},
volume = {43},
year = {2011}
}
@article{Gamer:tj,
author = {Gamer, M and Lemon, J and Fellows, I and Singh, P},
journal = {R package version 0.83},
title = {{Irr: various coefficients of interrater reliability}},
year = {2010}
}
@article{Pazzani:2001tw,
author = {Pazzani, M J and Mani, S and Shankle, W R},
doi = {10.1055/s-0038-1634196},
issn = {0026-1270},
journal = {Methods of Information in Medicine},
keywords = {Alzheimer Disease,Artificial Intelligence,Mental Retardation},
number = {5},
pages = {380--385},
pmid = {11776735},
title = {{Acceptance of rules generated by machine learning among medical experts}},
volume = {40},
year = {2001}
}
@inproceedings{breck2016s,
address = {Barcelona, Spain},
author = {Breck, Eric and Cai, Shanqing and Nielsen, Eric and Salib, Michael and Sculley, D},
booktitle = {Proceedings of the 30th Annual Conference on Neural Information Processing Systems},
month = {December},
number = {NIPS},
publisher = {Curran Associates Inc.},
title = {{What's your ML Test Score? A rubric for ML production systems}},
year = {2016}
}
@article{Haenssle:2018bz,
author = {Haenssle, H A and Fink, C and Schneiderbauer, R and Toberer, F and Buhl, T and Blum, A and Kalloo, A and {Ben Hadj Hassen}, A and Thomas, L and Enk, A and Uhlmann, L and Alt, Christina and Arenbergerova, Monika and Bakos, Renato and Baltzer, Anne and Bertlich, Ines and Blum, Andreas and Bokor-Billmann, Therezia and Bowling, Jonathan and Braghiroli, Naira and Braun, Ralph and Buder-Bakhaya, Kristina and Buhl, Timo and Cabo, Horacio and Cabrijan, Leo and Cevic, Naciye and Classen, Anna and Deltgen, David and Fink, Christine and Georgieva, Ivelina and Hakim-Meibodi, Lara Elena and Hanner, Susanne and Hartmann, Franziska and Hartmann, Julia and Haus, Georg and Hoxha, Elti and Karls, Raimonds and Koga, Hiroshi and Kreusch, Ju¨rgen and Lallas, Aimilios and Majenka, Pawel and Marghoob, Ash and Massone, Cesare and Mekokishvili, Lali and Mestel, Dominik and Meyer, Volker and Neuberger, Anna and Nielsen, Kari and Oliviero, Margaret and Pampena, Riccardo and Paoli, John and Pawlik, Erika and Rao, Barbar and Rendon, Adriana and Russo, Teresa and Sadek, Ahmed and Samhaber, Kinga and Schneiderbauer, Roland and Schweizer, Anissa and Toberer, Ferdinand and Trennheuser, Lukas and Vlahova, Lyobomira and Wald, Alexander and Winkler, Julia and Wo¨lbing, Priscila and Zalaudek, Iris},
doi = {10.1093/annonc/mdy166},
issn = {1569-8041},
journal = {Annals of Oncology},
keywords = {Automated melanoma detection,Computer algorithm,Deep learning convolutional neural network,Dermoscopy,Melanocytic nevi,Melanoma},
month = {May},
number = {8},
pages = {1836--1842},
title = {{Man against Machine: Diagnostic performance of a deep learning convolutional neural network for dermoscopic melanoma recognition in comparison to 58 dermatologists}},
volume = {29},
year = {2018}
}
@article{Uddin:2019cz,
author = {Uddin, Gias and Khomh, Foutse},
doi = {10.1109/TSE.2019.2900245},
issn = {1939-3520},
journal = {IEEE Transactions on Software Engineering},
keywords = {API,API Aspect,API Review Mining,Benchmark testing,Categorization,Data mining,InPress,Java,Opinion,Review,Search engines,Tools,Usability},
mendeley-tags = {InPress},
month = {February},
number = {99},
title = {{Automatic Mining of Opinions Expressed About APIs in Stack Overflow}},
year = {2019}
}
@phdthesis{Kim:2015vo,
author = {Kim, Been},
school = {Massachusetts Institute of Technology},
title = {{Interactive and Interpretable Machine Learning Models for Human Machine Collaboration}},
year = {2015}
}
@article{Maalej2013,
author = {Maalej, Walid and Robillard, Martin P},
doi = {10.1109/TSE.2013.12},
issn = {0098-5589},
journal = {IEEE Transactions on Software Engineering},
keywords = {.NET,API documentation,Java,content analysis,data mining,empirical study,grounded method,pattern mining,software documentation},
title = {{Patterns of knowledge in API reference documentation}},
year = {2013}
}
@inproceedings{tu2000evolution,
address = {San Jose, CA, USA},
author = {Godfrey, Michael W and Tu, Qiang},
booktitle = {Conference on Software Maintenance},
doi = {10.1109/icsm.2000.883030},
month = {August},
organization = {IEEE},
pages = {131--142},
title = {{Evolution in open source software: a case study}},
year = {2000}
}
@misc{Mandel:2008ww,
note = {Accessed: 28 August 2018},
author = {Mandel, Lawrence},
month = {May},
title = {{Describe REST Web services with WSDL 2.0}},
howpublished = {[Online] Available: \url{https://ibm.co/313RoNV}},
year = {2008}
}
@article{Subramanian:1992ue,
author = {Subramanian, Girish H and Nosek, John and Raghunathan, Sankaran P and Kanitkar, Santosh S},
doi = {10.1145/129617.129621},
issn = {1557-7317},
journal = {Communications of the ACM},
keywords = {computer games,decision aids effectiveness,effectiveness of structured tools,human aspects of computing,human factors of experimentation},
number = {1},
pages = {89--94},
title = {{A comparison of the decision table and tree}},
volume = {35},
year = {1992}
}
@article{Davison:2004wo,
author = {Davison, Robert M and Martinsons, Maris G and Kock, Ned},
doi = {10.1111/j.1365-2575.2004.00162.x},
issn = {1350-1917},
journal = {Information Systems Journal},
keywords = {Canonical action research,Interpretivism,Meta-analysis,Organizational change,Organizational learning,Research frameworks},
number = {1},
pages = {65--86},
title = {{Principles of canonical action research}},
volume = {14},
year = {2004}
}
@article{Gebru:2018wh,
archivePrefix = {arXiv},
arxivId = {1803.09010},
author = {Gebru, Timnit and Morgenstern, Jamie and Vecchione, Briana and Vaughan, Jennifer Wortman and Wallach, Hanna and Daume{\'{e}}, Hal and Crawford, Kate},
eprint = {1803.09010},
howpublished = {$\backslash$url{\{}http://arxiv.org/abs/1803.09010{\}}},
journal = {arXiv preprint arXiv:1803.09010},
pages = {1--17},
title = {{Datasheets for Datasets}},
year = {2018}
}
@webpage{Draper:vb,
address = {Glasgow, Scotland, UK},
author = {Draper, Stephen W},
booktitle = {University of Glasgow},
howpublished = {$\backslash$url{\{}http://bit.ly/2uO2Kth{\}}},
pages = {4},
publisher = {University of Glasgow},
title = {{The Hawthorne, Pygmalion, Placebo and other effects of expectation: some notes}},
year = {2006}
}
@article{Oreskes:1994gn,
author = {Oreskes, Naomi and Shrader-Frechette, Kristin and Belitz, Kenneth},
doi = {10.1126/science.263.5147.641},
issn = {0036-8075},
journal = {Science},
number = {5147},
pages = {641--646},
title = {{Verification, validation, and confirmation of numerical models in the earth sciences}},
volume = {263},
year = {1994}
}
@article{Aalst:2015gv,
author = {{Van Der Aalst}, Wil and Damiani, Ernesto},
doi = {10.1109/TSC.2015.2493732},
issn = {1939-1374},
journal = {IEEE Transactions on Services Computing},
keywords = {Big Data,Cloud Computing,Data Science,Process Mining,Process Science,Service Orientation},
month = {November},
number = {6},
pages = {810--819},
title = {{Processes Meet Big Data: Connecting Data Science with Process Science}},
volume = {8},
year = {2015}
}
@article{Augasta:2012wx,
author = {{Gethsiyal Augasta}, M and Kathirvalavakumar, T},
doi = {10.1007/s11063-011-9207-8},
issn = {1370-4621},
journal = {Neural Processing Letters},
keywords = {Classification,Neural networks,Pedagogical,Pruning,Reverse engineering,Rule extraction},
number = {2},
pages = {131--150},
title = {{Reverse engineering the neural networks for rule extraction in classification problems}},
volume = {35},
year = {2012}
}
@book{Meltzoff:1998wg,
author = {Meltzoff, Julian and Cooper, Harris},
doi = {10.1037/0000052-000},
edition = {2nd},
publisher = {American psychological association},
title = {{Critical thinking about research: Psychology and related fields}},
year = {2018}
}
@inproceedings{Barnett:2015ec,
address = {Montreal, QC, Canada},
author = {Barnett, Scott and Vasa, Rajesh and Tang, Antony},
booktitle = {Proceedings of the 12th Working IEEE/IFIP Conference on Software Architecture},
doi = {10.1109/WICSA.2015.28},
isbn = {978-1-47-991922-2},
keywords = {Mobile Software Architecture,Quality Model},
month = {May},
pages = {105--114},
publisher = {IEEE},
title = {{A Conceptual Model for Architecting Mobile Applications}},
year = {2015}
}
@inproceedings{Pezzementi:2018tq,
address = {Philadelphia, PA, USA},
author = {Pezzementi, Zachary and Tabor, Trenton and Yim, Samuel and Chang, Jonathan K and Drozd, Bill and Guttendorf, David and Wagner, Michael and Koopman, Philip},
booktitle = {Proceedings of the 15th IEEE International Symposium on Safety, Security, and Rescue Robotics},
doi = {10.1109/SSRR.2018.8468619},
isbn = {978-1-53-865572-6},
month = {August},
pages = {1--8},
publisher = {IEEE},
title = {{Putting Image Manipulations in Context: Robustness Testing for Safe Perception}},
year = {2018}
}
@book{Quinlan:1993vi,
address = {San Francisco, CA, USA},
author = {Quinlan, J Ross},
isbn = {978-1-55-860238-0},
publisher = {Morgan Kauffmann},
title = {{C4.5: Programs for machine learning}},
year = {1993}
}
@article{DBLP:journals/corr/abs-1907-04135,
archivePrefix = {arXiv},
arxivId = {1907.04135},
author = {Wexler, James and Pushkarna, Mahima and Bolukbasi, Tolga and Wattenberg, Martin and Viegas, Fernanda and Wilson, Jimbo},
doi = {10.1109/tvcg.2019.2934619},
eprint = {1907.04135},
issn = {1077-2626},
journal = {IEEE Transactions on Visualization and Computer Graphics},
pages = {1},
title = {{The What-If Tool: Interactive Probing of Machine Learning Models}},
volume = {abs/1907.04135},
year = {2019}
}
@inproceedings{Quinlan:1999ue,
address = {Bled, Slovenia},
author = {Quinlan, J R},
booktitle = {Proceedings of the 9th International Workshop on Inductive Logic Programming},
doi = {10.1007/3-540-48751-4_3},
isbn = {3-54-066109-3},
issn = {1611-3349},
month = {June},
pages = {15--18},
publisher = {Springer},
title = {{Some elements of machine learning}},
volume = {1634},
year = {1999}
}
@webpage{McGowen:2019vt,
author = {McGowen, Bret},
howpublished = {$\backslash$url{\{}http://bit.ly/3aUQpo2{\}}},
month = {January},
title = {{Machine learning with Google APIs}},
year = {2019}
}
@phdthesis{Barnett:2018Kx,
address = {Hawthorn, Australia},
author = {Barnett, Scott},
school = {Swinburne University of Technology},
title = {{Extracting technical domain knowledge to improve software architecture}},
year = {2018}
}
@article{Glass:2002wa,
author = {Glass, Robert L and Vessey, Iris and Ramesh, V},
doi = {10.1016/j.infsof.2008.09.015},
issn = {0950-5849},
journal = {Information and Software Technology},
keywords = {Computing research,Literature search,Research taxonomy},
number = {1},
pages = {68--70},
title = {{RESRES: The story behind the paper "Research in software engineering: An analysis of the literature"}},
volume = {51},
year = {2009}
}
@book{Krippendorff:2018tda,
author = {Krippendorff, Klaus},
isbn = {978-1-50-639566-1},
publisher = {SAGE},
series = {An Introduction to Its Methodology},
title = {{Content Analysis}},
year = {1980}
}
@book{Litwin:1995wt,
author = {Litwin, Mark},
doi = {10.4135/9781483348957},
publisher = {SAGE},
title = {{How to Measure Survey Reliability and Validity}},
volume = {7},
year = {1995}
}
@article{Niemeyer2008240,
author = {Niemeyer, Horst F and Niemeyer, Alice C},
issn = {0165-4896},
journal = {Mathematical Social Sciences},
keywords = { Sainte-Lagu{\"{e}} method,Alabama Paradox,Apportionment method,D'Hondt method,Hare/Hamilton method},
number = {2},
pages = {240--253},
title = {{Apportionment methods}},
volume = {56},
year = {2008}
}
@article{Karwath:2002tv,
author = {Karwath, Andreas and King, Ross D},
doi = {10.1186/1471-2105-3-11},
issn = {1471-2105},
journal = {BMC Bioinformatics},
number = {1},
pages = {11},
title = {{Homology induction: The use of machine learning to improve sequence similarity searches}},
volume = {3},
year = {2002}
}
@article{Brereton:2007by,
author = {Brereton, Pearl and Kitchenham, Barbara A and Budgen, David and Turner, Mark and Khalil, Mohamed},
doi = {10.1016/j.jss.2006.07.009},
issn = {0164-1212},
journal = {Journal of Systems and Software},
keywords = {Empirical software engineering,Systematic literature review},
month = {April},
number = {4},
pages = {571--583},
title = {{Lessons from applying the systematic literature review process within the software engineering domain}},
volume = {80},
year = {2007}
}
@article{Biggs:2014ur,
author = {Biggs, J and Collis, K},
doi = {10.1177/089202068700100412},
isbn = {0-12-097551-1},
issn = {0892-0206},
journal = {Management in Education},
number = {4},
pages = {20},
title = {{Evaluating the Quality of Learning: The SOLO Taxonomy (Structure of the Observed Learning Outcome)}},
volume = {1},
year = {1987}
}
@inproceedings{Kitchenham:2004vj,
address = {Edinburgh, UK},
author = {Kitchenham, Barbara A and Dyb{\aa}, Tore and Jorgensen, Magne},
booktitle = {Proceedings of the 26th International Conference on Software Engineering},
isbn = {978-0-76-952163-3},
month = {May},
pages = {273--281},
publisher = {IEEE},
title = {{Evidence-Based Software Engineering}},
year = {2004}
}
@incollection{Jick:1979el,
author = {Mayring, Philipp},
booktitle = {Mixed Methodology in Psychological Research},
chapter = {6},
doi = {10.1163/9789087903503_007},
pages = {27--36},
publisher = {Brill},
title = {{Mixing Qualitative and Quantitative Methods}},
year = {2007}
}
@book{Yin:2017tf,
address = {Los Angeles, CA, USA},
author = {Yin, Robert K},
edition = {6th},
isbn = {978-1-50-633616-9},
publisher = {SAGE publications},
title = {{Case study research and applications: Design and methods}},
year = {2017}
}
@article{Rosenfeld:2018ut,
archivePrefix = {arXiv},
arxivId = {1808.03305},
author = {Rosenfeld, Amir and Zemel, Richard and Tsotsos, John K},
eprint = {1808.03305},
journal = {arXiv preprint arXiv:1808.03305},
title = {{The elephant in the room}},
year = {2018}
}
@article{Craven:1995wg,
address = {Denver, CO, USA},
author = {Craven, Mark W and Shavlik, Jude W},
isbn = {978-0-26-220107-0},
journal = {Proceedings of the 8th International Conference on Neural Information Processing Systems},
month = {December},
pages = {24--30},
publisher = {MIT Press},
title = {{Extracting tree-structured representations of trained neural networks}},
volume = {8},
year = {1996}
}
@inproceedings{Patel:2008:ISM:1357054.1357160,
address = {Florence, Italy},
author = {Patel, Kayur and Fogarty, James and Landay, James A and Harrison, Beverly},
booktitle = {Proceedings of the 26th SIGCHI Conference on Human Factors in Computing Systems},
doi = {10.1145/1357054.1357160},
isbn = {978-1-60-558011-1},
keywords = {Software development,Statistical machine learning},
month = {April},
pages = {667--676},
publisher = {ACM},
series = {CHI '08},
title = {{Investigating statistical machine learning as a tool for software development}},
year = {2008}
}
@inproceedings{Arpteg2018,
address = {Prague, Czech Republic},
archivePrefix = {arXiv},
arxivId = {1810.12034},
author = {Arpteg, Anders and Brinne, Bj{\"{o}}rn and Crnkovic-Friis, Luka and Bosch, Jan},
booktitle = {Proceedings of the 44th Euromicro Conference on Software Engineering and Advanced Applications},
doi = {10.1109/SEAA.2018.00018},
eprint = {1810.12034},
howpublished = {$\backslash$url{\{}https://ieeexplore.ieee.org/document/8498185/{\}}},
isbn = {978-1-53-867382-9},
keywords = {Artificial intelligence,Deep learning,Machine learning,Software engineering challenges},
month = {August},
pages = {50--59},
publisher = {IEEE},
title = {{Software engineering challenges of deep learning}},
year = {2018}
}
@misc{Cigital:2003tl,
author = {Cigital},
howpublished = {$\backslash$url{\{}http://goo.gl/OQlyNi{\}}},
title = {{Case Study: Finding defects earlier yields enormous savings}},
year = {2003}
}
@inproceedings{Ribeiro:2015dz,
address = {Miami, FL, USA},
author = {Ribeiro, Mauro and Grolinger, Katarina and Capretz, Miriam A M},
booktitle = {Proceedings of the 14th International Conference on Machine Learning and Applications},
doi = {10.1109/ICMLA.2015.152},
isbn = {978-1-50-900287-0},
keywords = {Machine learning as a service,Platform as a service,Prediction,Regression,Service component architecture,Service oriented architecture,Supervised learning},
month = {December},
pages = {896--902},
publisher = {IEEE},
title = {{MLaaS: Machine learning as a service}},
year = {2015}
}
@article{AlQutaish:2010vua,
author = {Al-Qutaish, Rafa E},
journal = {Journal of American Science},
keywords = {Boehm's Quality Model,Dromey's Quality Model,FURPS Quality Model,ISO 9126,McCall's Quality Model,Quality Engineering,Quality Models,Software Quality},
number = {3},
pages = {166--175},
title = {{Quality Models in Software Engineering Literature: An Analytical and Comparative Study}},
volume = {6},
year = {2010}
}
@inproceedings{Parekh:2017hx,
address = {Halifax, NS, Canada},
author = {Parekh, Rajesh},
booktitle = {Proceedings of the 23rd ACM SIGKDD International Conference on Knowledge Discovery and Data Mining},
doi = {10.1145/3097983.3105815},
month = {August},
pages = {27},
publisher = {ACM},
title = {{Designing AI at Scale to Power Everyday Life}},
year = {2017}
}
@article{Myers:2011bt,
author = {Myers, Brad A and Jeong, Sae Young and Xie, Yingyu and Beaton, Jack and Stylos, Jeff and Ehret, Ralf and Karstens, Jan and Efeoglu, Arkin and Busse, Daniela K},
doi = {10.4018/joeuc.2010101903},
issn = {1546-2234},
journal = {Journal of Organizational and End User Computing},
keywords = {Api design,Business solution architects,Documentation,Natural programming,Service-oriented architecture,Usability,Web services},
month = {January},
number = {1},
pages = {23--51},
publisher = {IGI Global},
title = {{Studying the Documentation of an API for Enterprise Service-Oriented Architecture}},
volume = {22},
year = {2010}
}
@article{Barzilay:2013cn,
author = {Barzilay, Ohad and Treude, Christoph and Zagalsky, Alexey},
doi = {10.1007/978-1-4614-6596-6_15},
isbn = {978-1-46-146596-6},
journal = {Finding Source Code on the Web for Remix and Reuse},
number = {4},
pages = {289--308},
title = {{Facilitating crowd sourced software engineering via stack overflow}},
volume = {9781461465966},
year = {2014}
}
@article{Lethbridge:2005jv,
author = {Lethbridge, Timothy C and Sim, Susan Elliott and Singer, Janice},
doi = {10.1007/s10664-005-1290-x},
issn = {1382-3256},
journal = {Empirical Software Engineering},
keywords = {Empirical software engineering,Field studies,Work practices},
month = {July},
number = {3},
pages = {311--341},
title = {{Studying software engineers: Data collection techniques for software field studies}},
volume = {10},
year = {2005}
}
@book{Creswell:2017vn,
author = {Creswell, John W},
edition = {4th},
isbn = {860-1-40-429618-5},
publisher = {SAGE},
title = {{Research design: Qualitative, quantitative, and mixed methods approaches}},
year = {2017}
}
@article{Nykaza:2002td,
address = {Toronto, ON, Canada},
author = {Nykaza, Janet and Messinger, Rhonda and Boehme, Fran and Norman, Cherie L and Mace, Matthew and Gordon, Manuel},
doi = {10.1145/584955.584976},
journal = {Proceedings of the 20th annual International Conference on Computer Documentation},
keywords = {API documentation,Developer documentation,Needs analysis,Needs assessment,Programmer documentation,SDK documentation},
month = {October},
pages = {133--141},
publisher = {ACM},
title = {{What programmers really want: Results of a needs assessment for SDK documentation}},
year = {2002}
}
@article{Robinson:2007tp,
author = {Robinson, Hugh and Segal, Judith and Sharp, Helen},
doi = {10.1016/j.infsof.2007.02.007},
issn = {0950-5849},
journal = {Information and Software Technology},
keywords = {Field studies,Qualitative analysis,Software practice},
number = {6},
pages = {540--551},
title = {{Ethnographically-informed empirical studies of software practice}},
volume = {49},
year = {2007}
}
@incollection{Kitchenham:2007ux,
author = {Kitchenham, Barbara A and Pfleeger, Shari L},
booktitle = {Guide to Advanced Empirical Software Engineering},
chapter = {3},
month = {November},
pages = {63--92},
publisher = {Springer Science {\&} Business Media},
title = {{Personal opinion surveys}},
year = {2007}
}
@inproceedings{Ortiz:2017wg,
author = {Ortiz, Andres L Martinez},
booktitle = {EIAPortugal},
howpublished = {$\backslash$url{\{}http://bit.ly/2S40er8{\}}},
month = {July},
title = {{Curating Content with Google Machine Learning Application Programming Interfaces}},
year = {2017}
}
@phdthesis{Nelson:1981ue,
author = {Nelson, Bruce Jay},
school = {Carnegie Mellon University},
title = {{Remote Procedure Call}},
year = {1981}
}
@book{Krathwohl:2001wr,
author = {Bloom, Benjamin Samuel},
edition = {2nd},
isbn = {978-0-58-228010-6},
publisher = {Addison-Wesley Longman},
title = {{Taxonomy of Educational Objectives, Handbook 1: Cognitive Domain}},
year = {1956}
}
@article{Hayete:2005tn,
address = {Hawaii, USA},
author = {Hayete, Boris and Bienkowska, Jadwiga R},
doi = {10.1142/9789812702456_0013},
isbn = {9-81-256046-7},
journal = {Proceedings of the Pacific Symposium on Biocomputing 2005, PSB 2005},
month = {January},
pages = {127--138},
publisher = {World Scientific Publishing Company},
title = {{Gotrees: Predicting go associations from protein domain composition using decision trees}},
year = {2005}
}
@inproceedings{Lei:2016wi,
address = {Austin, TX, USA},
archivePrefix = {arXiv},
arxivId = {1606.04155},
author = {Lei, Tao and Barzilay, Regina and Jaakkola, Tommi},
booktitle = {Proceedings of the 9th International Joint Conference on Natural Language Processing and Conference on Empirical Methods in Natural Language Processing},
doi = {10.18653/v1/d16-1011},
eprint = {1606.04155},
isbn = {978-1-94-562625-8},
month = {November},
pages = {107--117},
publisher = {Association for Computational Linguistics},
title = {{Rationalizing neural predictions}},
year = {2016}
}
@inproceedings{myers2018patterns,
address = {Montreal, QC, Canada},
author = {Myers, Chelsea and Furqan, Anushay and Nebolsky, Jessica and Caro, Karina and Zhu, Jichen},
booktitle = {Proceedings of the 2018 CHI Conference on Human Factors in Computing Systems},
doi = {10.1145/3173574.3173580},
isbn = {978-1-45-035620-6},
keywords = {User experience,Voice User Interfaces,Voice control},
month = {April},
pages = {6},
publisher = {ACM},
title = {{Patterns for how users overcome obstacles in Voice User Interfaces}},
volume = {2018-April},
year = {2018}
}
@incollection{Easterbrook:2007ws,
author = {Easterbrook, Steve and Singer, Janice and Storey, Margaret-Anne and Damian, Daniela},
booktitle = {Guide to Advanced Empirical Software Engineering},
chapter = {11},
month = {November},
pages = {285--311},
publisher = {Springer Science {\&} Business Media},
title = {{Selecting empirical methods for software engineering research}},
year = {2007}
}
@inproceedings{Feelders:2000ve,
address = {Lyon, France},
author = {Feelders, A J},
booktitle = {Proceedings of the 4th European Conference on Principles of Data Mining and Knowledge Discovery},
doi = {10.1007/3-540-45372-5_42},
isbn = {978-3-54-041066-9},
issn = {1611-3349},
month = {September},
pages = {395--400},
publisher = {Springer},
title = {{Prior knowledge in economic applications of data mining}},
volume = {1910},
year = {2000}
}
@misc{InternationalOrganizationforStandardization1999,
author = {{International Organization for Standardization}},
month = {November},
title = {{ISO/IEC 9126 Information Technology - Software Product Evaluation - Quality Characteristics and Guidelines for Their Use}},
howpublished = {[Online] Available: \url{http://bit.ly/2tgMHUE}},
year = {1999}
}
@inproceedings{Eykholt:2018vk,
address = {Honolulu, HI, USA},
author = {Eykholt, Kevin and Evtimov, Ivan and Fernandes, Earlence and Li, Bo and Rahmati, Amir and Xiao, Chaowei and Prakash, Atul and Kohno, Tadayoshi and Song, Dawn},
booktitle = {Proceedings of the 2017 IEEE Computer Society Conference on Computer Vision and Pattern Recognition},
doi = {10.1109/CVPR.2018.00175},
isbn = {978-1-53-866420-9},
issn = {1063-6919},
month = {July},
pages = {1625--1634},
title = {{Robust Physical-World Attacks on Deep Learning Visual Classification}},
year = {2018}
}
@article{Pearl:2018uv,
author = {Pearl, Judea},
doi = {10.1145/3241036},
issn = {1557-7317},
journal = {Communications of the ACM},
number = {3},
pages = {54--60},
title = {{The seven tools of causal inference, with reflections on machine learning}},
volume = {62},
year = {2019}
}
@misc{ISO9126:1999,
author = {{International Organization for Standardization}},
month = {November},
title = {{ISO/IEC 9126. Information technology -- Software product quality}},
year = {1999}
}
@inproceedings{Tahir:2018ks,
address = {Christchurch, New Zealand},
author = {Tahir, Amjed and Yamashita, Aiko and Licorish, Sherlock and Dietrich, Jens and Counsell, Steve},
booktitle = {Proceedings of the 22nd International Conference on Evaluation and Assessment in Software Engineering},
doi = {10.1145/3210459.3210466},
isbn = {978-1-45-036403-4},
keywords = {Anti-patterns,Code smells,Empirical study,Mining software repositories,Stack Overflow},
month = {June},
pages = {68--78},
publisher = {ACM},
title = {{Can you tell me if it smells? A study on how developers discuss code smells and anti-patterns in Stack Overflow}},
volume = {Part F1377},
year = {2018}
}
@inproceedings{amershi2015modeltracker,
address = {Seoul, Republic of Korea},
author = {Amershi, Saleema and Chickering, Max and Drucker, Steven M and Lee, Bongshin and Simard, Patrice and Suh, Jina},
booktitle = {Proceedings of the 33rd Annual ACM Conference on Human Factors in Computing Systems},
doi = {10.1145/2702123.2702509},
isbn = {978-1-45-033145-6},
keywords = {Debugging,Interactive visualization,Machine learning,Performance analysis},
month = {April},
pages = {337--346},
publisher = {ACM - Association for Computing Machinery},
title = {{Modeltracker: Redesigning performance analysis tools for machine learning}},
volume = {2015-April},
year = {2015}
}
@article{Liu:2018fa,
author = {Liu, Yun and Kohlberger, Timo and Norouzi, Mohammad and Dahl, George E and Smith, Jenny L and Mohtashamian, Arash and Olson, Niels and Peng, Lily H and Hipp, Jason D and Stumpe, Martin C},
doi = {10.5858/arpa.2018-0147-OA},
howpublished = {$\backslash$url{\{}http://www.ncbi.nlm.nih.gov/pubmed/30295070{\}}},
issn = {1543-2165},
journal = {Archives of pathology {\&} laboratory medicine},
month = {October},
pages = {859--868},
pmid = {30295070},
title = {{Artificial Intelligence-Based Breast Cancer Nodal Metastasis Detection.}},
year = {2018}
}
@book{Rokach:2008wc,
author = {Lori, Rokach and Oded, Maimon},
isbn = {978-9-81-277171-1},
pages = {244},
publisher = {World Scientific Publishing Company},
title = {{Data mining with decision trees}},
volume = {69},
year = {2008}
}
@inproceedings{hardt2016equality,
address = {Barcelona, Spain},
archivePrefix = {arXiv},
arxivId = {1610.02413},
author = {Hardt, Moritz and Price, Eric and Srebro, Nathan},
booktitle = {Proceedings of the 30th International Conference on Neural Information Processing},
eprint = {1610.02413},
issn = {1049-5258},
month = {December},
pages = {3323--3331},
title = {{Equality of opportunity in supervised learning}},
year = {2016}
}
@inproceedings{Narayanan:2002ti,
address = {Honolulu, HI, USA},
author = {Narayanan, Srini and McIlraith, Sheila A},
booktitle = {Proceedings of the 11th International Conference on World Wide Web},
doi = {10.1145/511446.511457},
isbn = {1-58-113449-5},
keywords = {Automated reasoning,DAML,Distributed systems,Ontologies,Semantic web,Web service composition,Web services},
month = {May},
pages = {77--88},
publisher = {ACM},
title = {{Simulation, verification and automated composition of web services}},
year = {2002}
}
@inproceedings{VanAssche:2007wc,
address = {Corvallis, OR, USA},
author = {{Van Assche}, Anneleen and Blockeel, Hendrik},
booktitle = {Proceedings of the 17th International Conference on Inductive Logic Programming},
doi = {10.1007/978-3-540-78469-2_26},
isbn = {3-54-078468-3},
issn = {0302-9743},
keywords = {Comprehensibility,Ensembles,First order decision trees},
month = {June},
pages = {269--279},
publisher = {Springer},
title = {{Seeing the forest through the trees learning a comprehensible model from a first order ensemble}},
volume = {4894 LNAI},
year = {2007}
}
@misc{IEEE:1990wp,
author = {IEEE},
doi = {10.1109/IEEESTD.1990.101064},
keywords = {definitions,dictionary,glossary,software engineering,terminology},
number = {1},
pages = {1},
title = {{IEEE Standard Glossary of Software Engineering Terminology}},
volume = {121990},
year = {1990}
}
@inproceedings{Szegedy:2013vw,
address = {Banff, AB, Canada},
archivePrefix = {arXiv},
arxivId = {1312.6199},
author = {Szegedy, Christian and Zaremba, Wojciech and Sutskever, Ilya and Bruna, Joan and Erhan, Dumitru and Goodfellow, Ian and Fergus, Rob},
booktitle = {Proceedings of the 2nd International Conference on Learning Representations},
eprint = {1312.6199},
month = {April},
publisher = {ACM},
title = {{Intriguing properties of neural networks}},
year = {2014}
}
@article{Seaman:1999vc,
author = {Seaman, Carolyn B},
doi = {10.1109/32.799955},
issn = {0098-5589},
journal = {IEEE Transactions on Software Engineering},
number = {4},
pages = {557--572},
title = {{Qualitative methods in empirical studies of software engineering}},
volume = {25},
year = {1999}
}
@inproceedings{Pautasso2008,
author = {Pautasso, Cesare and Zimmermann, Olaf and Leymann, Frank},
booktitle = {Proceedings of the 17th International Conference on World Wide Web},
doi = {10.1145/1367497.1367606},
isbn = {978-1-60-558085-2},
keywords = {Architectural decision modeling,HTTP,REST,Resource oriented architecture,SOAP,Service oriented architecture,Technology comparison,WS-* vs. REST,WSDL,Web services},
title = {{RESTful web services vs. "Big" web services: Making the right architectural decision}},
year = {2008}
}
@inproceedings{Bussone:2015wm,
address = {Dallas, TX, USA},
author = {Bussone, Adrian and Stumpf, Simone and O'Sullivan, Dympna},
booktitle = {Proceedings of the 2015 IEEE International Conference on Healthcare Informatics},
doi = {10.1109/ICHI.2015.26},
isbn = {978-1-46-739548-9},
keywords = {CDSS,Explanations,Reliability,Reliance,Trust,User study},
month = {October},
pages = {160--169},
publisher = {IEEE},
title = {{The role of explanations on trust and reliance in clinical decision support systems}},
year = {2015}
}
@inproceedings{Reboucas:2016tw,
address = {Suita, Japan},
author = {Reboucas, Marcel and Pinto, Gustavo and Ebert, Felipe and Torres, Weslley and Serebrenik, Alexander and Castor, Fernando},
booktitle = {Proceedings of the 23rd International Conference on Software Analysis, Evolution, and Reengineering},
doi = {10.1109/saner.2016.66},
month = {March},
pages = {634--638},
publisher = {IEEE},
title = {{An Empirical Study on the Usage of the Swift Programming Language}},
year = {2016}
}
@article{Lipton:2016if,
archivePrefix = {arXiv},
arxivId = {1606.03490},
author = {Lipton, Zachary C},
doi = {10.1145/3233231},
eprint = {1606.03490},
issn = {1557-7317},
journal = {Communications of the ACM},
number = {10},
pages = {35--43},
title = {{The mythos of model interpretability}},
volume = {61},
year = {2018}
}
@techreport{McCarthy:1960:PCS:889202,
address = {Cambridge, MA, USA},
author = {McCarthy, J},
booktitle = {Proceedings of the Symposium on the Mechanization of Thought Processes},
pages = {1--15},
title = {{Programs with common sense}},
year = {1963}
}
@inproceedings{Beyer:2014ec,
address = {Victoria, BC, Canada},
author = {Beyer, Stefanie and Pinzger, Martin},
booktitle = {Proceedings of the 30th International Conference on Software Maintenance and Evolution},
doi = {10.1109/ICSME.2014.88},
isbn = {978-0-76-955303-0},
month = {September},
pages = {531--535},
publisher = {IEEE Computer Society},
title = {{A manual categorization of android app development issues on stack overflow}},
year = {2014}
}
@article{rgensen:2016gl,
author = {J{\o}rgensen, Magne and Dyb{\aa}, Tore and Liest{\o}l, Knut and Sj{\o}berg, Dag I K},
doi = {10.1016/j.jss.2015.03.065},
issn = {0164-1212},
journal = {Journal of Systems and Software},
keywords = {Controlled experiments,Empirical software engineering,Statistical hypothesis testing},
pages = {133--145},
title = {{Incorrect results in software engineering experiments: How to improve research practices}},
volume = {116},
year = {2016}
}
@misc{Howard:2018tz,
note = {Accessed: 28 August 2018},
author = {Howard, Christian},
month = {May},
title = {{Introducing Google AI}},
howpublished = {[Online] Available: \url{http://bit.ly/2uI6vAr}},
year = {2018}
}
@article{Barua:2012gz,
author = {Barua, Anton and Thomas, Stephen W and Hassan, Ahmed E},
doi = {10.1007/s10664-012-9231-y},
issn = {1573-7616},
journal = {Empirical Software Engineering},
keywords = {Knowledge repository,Latent Dirichlet allocation,Mining software repositories,Q{\&}A websites,Topic models,Trend analysis},
number = {3},
pages = {619--654},
title = {{What are developers talking about? An analysis of topics and trends in Stack Overflow}},
volume = {19},
year = {2014}
}
@article{Szafron:2004uf,
author = {Szafron, Duane and Lu, Paul and Greiner, Russell and Wishart, David S and Poulin, Brett and Eisner, Roman and Lu, Zhiyong and Anvik, John and Macdonell, Cam and Fyshe, Alona and Meeuwis, David},
doi = {10.1093/nar/gkh485},
issn = {0305-1048},
journal = {Nucleic Acids Research},
number = {WEB SERVER ISS.},
pages = {W365--------------------------------W371},
title = {{Proteome Analyst: Custom predictions with explanations in a web-based tool for high-throughput proteome annotations}},
volume = {32},
year = {2004}
}
@article{Drummond2006,
author = {Drummond, Chris and Holte, Robert C},
doi = {10.1007/s10994-006-8199-5},
issn = {0885-6125},
journal = {Machine Learning},
keywords = {Classifiers,Machine learning,Performance evaluation,ROC curves},
month = {October},
number = {1},
pages = {95--130},
title = {{Cost curves: An improved method for visualizing classifier performance}},
volume = {65},
year = {2006}
}
@inproceedings{Petersen:2008td,
author = {Petersen, Kai and Feldt, Robert and Mujtaba, Shahid and Mattsson, Michael},
booktitle = {Proceedings of the 12th International Conference on Evaluation and Assessment in Software Engineering, EASE 2008},
doi = {10.14236/ewic/ease2008.8},
keywords = {Evidence based software engineering,Systematic mapping studies,Systematic reviews},
pages = {68--77},
title = {{Systematic mapping studies in software engineering}},
year = {2008}
}
@article{Henning:2009hz,
author = {Henning, Michi},
doi = {10.1145/1506409.1506424},
issn = {0001-0782},
journal = {Communications of the ACM},
number = {5},
pages = {46--56},
title = {{API design matters}},
volume = {52},
year = {2009}
}
@article{Light:1971vz,
author = {Light, Richard J},
doi = {10.1037/h0031643},
issn = {0033-2909},
journal = {Psychological Bulletin},
keywords = {response agreement measurement among 2 or more Os},
number = {5},
pages = {365--377},
title = {{Measures of response agreement for qualitative data: Some generalizations and alternatives}},
volume = {76},
year = {1971}
}
@article{Dhar:2000vo,
author = {Dhar, Vasant and Chou, Dashin and Provost, Foster},
doi = {10.1023/A:1009848126475},
issn = {1384-5810},
journal = {Data Mining and Knowledge Discovery},
keywords = {Data mining,Financial prediction,Genetic algorithms,Investment decision making,Knowledge discovery,Machine learning,Rule learning,Systematic trading},
number = {4},
pages = {69--80},
title = {{Discovering interesting patterns for investment decision making with GLOWER - A genetic learner overlaid with entropy reduction}},
volume = {4},
year = {2000}
}
@book{Hwang:2017tr,
address = {Cambridge, MA, USA},
author = {Wang, Kai},
isbn = {978-0-26-203641-2},
pages = {624},
publisher = {MIT Press},
title = {{Cloud Computing for Machine Learning and Cognitive Applications: A Machine Learning Approach}},
year = {2017}
}
@inproceedings{Subramanian:2014bg,
address = {Hyderabad, India},
author = {Subramanian, Siddharth and Inozemtseva, Laura and Holmes, Reid},
booktitle = {Proceedings of the 36th International Conference on Software Engineering},
doi = {10.1145/2568225.2568313},
issn = {0270-5257},
keywords = {Source code examples,documentation,source code search},
month = {May},
number = {CONFCODENUMBER},
pages = {643--652},
publisher = {ACM Press},
title = {{Live API documentation}},
year = {2014}
}
@article{Su:2017uw,
archivePrefix = {arXiv},
arxivId = {1710.08864},
author = {Su, Jiawei and Vargas, Danilo Vasconcellos and Sakurai, Kouichi},
doi = {10.1109/TEVC.2019.2890858},
eprint = {1710.08864},
issn = {1941-0026},
journal = {IEEE Transactions on Evolutionary Computation},
keywords = {Convolutional neural network,differential evolution (DE),image recognition,information security},
number = {5},
pages = {828--841},
title = {{One Pixel Attack for Fooling Deep Neural Networks}},
volume = {23},
year = {2019}
}
@book{Bass:2003wi,
author = {Bass, Len and Clements, Paul and Kazman, Rick},
booktitle = {Software Architecture},
edition = {2nd},
isbn = {0-32-115495-9},
pages = {560},
publisher = {Addison-Wesley},
title = {{Software Architecture in Practice}},
year = {2003}
}
@book{Spector:1992uj,
address = {Newbury Park, CA, USA},
author = {Spector, Paul},
booktitle = {Summated Rating Scale Construction},
doi = {10.4135/9781412986038},
isbn = {978-0-80-394341-4},
publisher = {SAGE},
title = {{Summated Rating Scale Construction}},
year = {1992}
}
@article{Richards:2001vw,
author = {Richards, G and Rayward-Smith, V J and S{\"{o}}nksen, P H and Carey, S and Weng, C},
doi = {10.1016/S0933-3657(00)00110-X},
issn = {0933-3657},
journal = {Artificial Intelligence in Medicine},
keywords = {Data mining,Diabetes,Neuropathy,Rule induction},
number = {3},
pages = {215--231},
title = {{Data mining for indicators of early mortality in a database of clinical records}},
volume = {22},
year = {2001}
}
@article{Freitas:2014ic,
author = {Freitas, Alex A},
doi = {10.1145/2594473.2594475},
issn = {1931-0145},
journal = {ACM SIGKDD Explorations Newsletter},
month = {March},
number = {1},
pages = {1--10},
title = {{Comprehensible classification models}},
volume = {15},
year = {2014}
}
@inproceedings{Rubey:1968fg,
address = {Las Vegas, NV, USA},
author = {Rubey, Raymond J and Hartwick, R Dean},
booktitle = {Proceedings of the 1968 23rd ACM National Conference},
doi = {10.1145/800186.810631},
isbn = {978-1-45-037486-6},
month = {August},
pages = {671--677},
publisher = {ACM},
title = {{Quantitative measurement of program quality}},
year = {1968}
}
@inproceedings{1572302,
address = {Lisbon, Portugal},
author = {Mens, Tom and Demeyer, Serge and Wermelinger, Michel and Hirschfeld, Robert and Ducasse, St{\'{e}}phane and Jazayeri, Mehdi},
booktitle = {Proceedings of the 8th International Workshop on Principles of Software Evolution},
doi = {10.1109/IWPSE.2005.7},
isbn = {0-76-952349-8},
issn = {1550-4077},
keywords = {Aging,Business,Collaborative software,Computer industry,Conferences,Information technology,Programming,Software quality,Software systems,Software tools,formal specification,formal verification,information technology society,requirements analysis,software aging,software development process,software evolution,software maintenance,software quality,software system},
month = {September},
pages = {13--22},
publisher = {IEEE},
title = {{Challenges in software evolution}},
volume = {2005},
year = {2005}
}
@inproceedings{Elazmeh:2007tp,
address = {Vancouver, BC, Canada},
author = {Elazmeh, William and Matwin, Stan and O'Sullivan, Dympna and Michalowski, Wojtek and Farion, Ken},
booktitle = {Proceedings of the 22nd Conference on Artificial Intelligence},
isbn = {978-1-57-735332-4},
month = {July},
pages = {10--15},
publisher = {AAAI},
title = {{Insights from predicting pediatric asthma exacerbations from retrospective clinical data}},
volume = {WS-07-05},
year = {2007}
}
@inproceedings{Goodman:2016wf,
address = {New York, NY, USA},
archivePrefix = {arXiv},
arxivId = {1606.08813},
author = {{Wachter, Mitterlstadt}, Floridi},
booktitle = {Proceedings of the 2016 ICML Workshop on Human Interpretability in Machine Learning},
eprint = {1606.08813},
howpublished = {$\backslash$url{\{}http://arxiv.org/abs/1606.08813{\}}},
keywords = {machine learning},
month = {June},
number = {Whi},
pages = {26--30},
title = {{EU regulations on algorithmic decision-making and a "right to explanation"}},
year = {2016}
}
@article{Narayanan:2018ud,
archivePrefix = {arXiv},
arxivId = {1802.00682},
author = {Narayanan, Menaka and Chen, Emily and He, Jeffrey and Kim, Been and Gershman, Sam and Doshi-Velez, Finale},
eprint = {1802.00682},
journal = {IEEE Transactions on Evolutionary Computation},
keywords = {InPress},
mendeley-tags = {InPress},
title = {{How do Humans Understand Explanations from Machine Learning Systems? An Evaluation of the Human-Interpretability of Explanation}},
year = {2018}
}
@inproceedings{Schwabacher:2001wc,
address = {Williamstown, MA, USA},
author = {Schwabacher, Mark and Langley, Pat},
booktitle = {Proceedings of the 18th International Conference on Machine Learning},
isbn = {978-1-55-860778-1},
month = {June},
pages = {489--496},
publisher = {Morgan Kaufmann},
title = {{Discovering communicable scientific knowledge from spatio-temporal data}},
year = {2001}
}
@article{Hadley:2006vv,
author = {Hadley, Marc J and Marc, Hadley},
howpublished = {$\backslash$url{\{}http://bit.ly/2RXRhQ1{\}}},
journal = {Search},
number = {TR-2006-153},
pages = {1--31},
publisher = {W3C},
title = {{Web Application Description Language}},
volume = {12},
year = {2009}
}
@inproceedings{Wang:2013ue,
address = {Coimbra, Portugal},
author = {Wang, Shaowei and Lo, David and Jiang, Lingxiao},
booktitle = {Proceedings of the 28th Annual ACM Symposium on Applied Computing},
doi = {10.1145/2480362.2480557},
month = {March},
pages = {1019--1024},
publisher = {ACM},
title = {{An empirical study on developer interactions in StackOverflow}},
year = {2013}
}
@inproceedings{Wang:2013ub,
address = {San Francisco, CA, USA},
author = {Wang, Wei and Godfrey, Michael W},
booktitle = {Proceedings of the 10th Working Conference on Mining Software Repositories},
doi = {10.1109/MSR.2013.6624006},
isbn = {978-1-46-732936-1},
issn = {2160-1852},
month = {May},
pages = {61--64},
publisher = {IEEE},
title = {{Detecting API usage obstacles: A study of iOS and android developer questions}},
year = {2013}
}
@article{Parasuraman:1988wh,
author = {Berry, Leonard L and Parasuraman, A and Zeithaml, Valarie A},
doi = {10.1016/S0148-2963(99)00084-3},
isbn = {00224359},
issn = {0022-4359},
journal = {Journal of retailing},
number = {1},
pages = {12--40},
pmid = {6353339},
title = {{SERVQUAL: A multiple-item scale for measuring consumer perceptions of service quality}},
volume = {64},
year = {1988}
}
@article{BenDavid:1995up,
author = {Ben-David, Arie},
doi = {10.1023/A:1022655006810},
issn = {1573-0565},
journal = {Machine Learning},
keywords = {accuracy,consistency,information theory,monotonic classification problems,monotonic decision trees},
number = {1},
pages = {29--43},
title = {{Monotonicity Maintenance in Information-Theoretic Machine Learning Algorithms}},
volume = {19},
year = {1995}
}
@inproceedings{Pal:2012te,
address = {Dublin, Ireland},
author = {Pal, Aditya and Chang, Shuo and Konstan, Joseph A},
booktitle = {Proceedings of the 6th International AAAI Conference on Weblogs and Social Media},
isbn = {978-1-57-735556-4},
month = {June},
pages = {274--281},
publisher = {AAAI},
title = {{Evolution of experts in question answering communities}},
year = {2012}
}
@book{Breiman:1984tu,
address = {New York, NY, USA},
author = {Breiman, Leo and Friedman, Jerome H and Olshen, Richard A and Stone, Charles J},
booktitle = {Classification and Regression Trees},
doi = {10.1201/9781315139470},
isbn = {978-1-35-146049-1},
issn = {1661-8564},
pages = {1--358},
publisher = {CRC press},
title = {{Classification and regression trees}},
year = {1984}
}
@techreport{BernersLee:2004vf,
author = {Berners-Lee, Tim and Fielding, Roy and Masinter, Larry},
title = {{Uniform resource identifier (URI): Generic syntax}},
year = {2004}
}
@article{Wachter:2017hx,
author = {Malgieri, Gianclaudio and Comand{\'{e}}, Giovanni},
doi = {10.1093/idpl/ipx019},
issn = {2044-4001},
journal = {International Data Privacy Law},
month = {June},
number = {4},
pages = {243--265},
title = {{Why a right to legibility of automated decision-making exists in the general data protection regulation}},
volume = {7},
year = {2017}
}
@inproceedings{Domingos:1998ug,
address = {New York, NY, USA},
author = {Domingos, P},
booktitle = {Proceedings of the 4th International Conference on Knowledge Discovery and Data Mining},
doi = {10.1.1.40.3278},
month = {August},
pages = {37--43},
publisher = {AAAI},
title = {{Occam's Two Razors: The Sharp and the Blunt}},
year = {1998}
}
@inproceedings{Treude:2011fh,
address = {Honolulu, HI, USA},
author = {Treude, Christoph and Barzilay, Ohad and Storey, Margaret Anne},
booktitle = {Proceedings of the 33rd International Conference on Software Engineering},
doi = {10.1145/1985793.1985907},
isbn = {978-1-45-030445-0},
issn = {0270-5257},
keywords = {q{\&}a,questions,social media,stack overflow},
month = {May},
pages = {804--807},
publisher = {ACM},
title = {{How do programmers ask and answer questions on the web? (NIER track)}},
year = {2011}
}
@inproceedings{Dorn:2010wl,
address = {Atlanta, GA, USA},
author = {Dorn, Brian and Guzdial, Mark},
booktitle = {Proceedings of the 28th ACM Conference on Human Factors in Computing Systems},
doi = {10.1145/1753326.1753430},
isbn = {978-1-60-558929-9},
keywords = {informal learning,web development},
month = {April},
pages = {703--712},
publisher = {ACM},
title = {{Learning on the job: Characterizing the programming knowledge and learning strategies of web designers}},
volume = {2},
year = {2010}
}
@book{Japkowicz:2011vy,
author = {Japkowicz, Nathalie and Shah, Mohak},
booktitle = {Evaluating Learning Algorithms: A Classification Perspective},
doi = {10.1017/CBO9780511921803},
isbn = {978-0-51-192180-3},
pages = {1--406},
publisher = {Cambridge University Press},
title = {{Evaluating learning algorithms: A classification perspective}},
volume = {9780521196000},
year = {2011}
}
@inproceedings{Choi:2015wo,
address = {Montreal, QC, Canada},
author = {Choi, Eunjong and Yoshida, Norihiro and Kula, Raula Gaikovina and Inoue, Katsuro},
booktitle = {Proceedings of the 9th International Workshop on Software Clones},
doi = {10.1109/IWSC.2015.7069890},
isbn = {978-1-46-736914-5},
month = {March},
pages = {49--50},
title = {{What do practitioners ask about code clone? a preliminary investigation of stack overflow}},
year = {2015}
}
@inproceedings{Barnett:2015ut,
address = {Florence, Italy},
author = {Barnett, Scott and Vasa, Rajesh and Grundy, John},
booktitle = {Proceedings of the 37th International Conference on Software Engineering},
doi = {10.1109/ICSE.2015.216},
isbn = {978-1-47-991934-5},
issn = {0270-5257},
keywords = {Code Generation,Mobile App Prototyping,Model Driven Development},
month = {May},
pages = {657--660},
publisher = {IEEE},
title = {{Bootstrapping Mobile App Development}},
volume = {2},
year = {2015}
}
@book{Pham:2000ua,
author = {Pham, Hoang},
edition = {1st},
isbn = {978-1-84-628295-9},
publisher = {Springer},
title = {{System Software Reliability}},
year = {2000}
}
@article{daMotaSilveira:2017vp,
author = {{da Mota Silveira}, Henrique and Martini, Luiz C{\'{e}}sar},
doi = {10.20897/jisem.201709},
issn = {2468-4376},
journal = {Journal of Information Systems Engineering {\&} Management},
number = {2},
pages = {1--3},
title = {{How the New Approaches on Cloud Computer Vision can Contribute to Growth of Assistive Technologies to Visually Impaired in the Following Years?}},
volume = {2},
year = {2017}
}
@book{Pressman:2005vf,
author = {Pressman, Roger S},
edition = {8th},
isbn = {978-0-07-802212-8},
publisher = {McGraw-Hill},
title = {{Software Engineering: A Practitioner's Approach}},
year = {2005}
}
@book{Casati:2003vi,
author = {Casati, Fabio and Kuno, Harumi and Alonso, G and Machiraju, V},
isbn = {978-3-64-207888-0},
title = {{Web Services-Concepts, Architectures and Applications}},
year = {2004}
}
@book{Tassey:2002vu,
author = {Tassey, Gregory},
booktitle = {National Institute of Standards and Technology (NIST)},
doi = {10.1080/10438590500197315},
month = {September},
publisher = {National Institute of Standards and Technology},
title = {{The economic impacts of inadequate infrastructure for software testing}},
year = {2002}
}
@inproceedings{Iyengar:2017fb,
address = {Atlanta, GA, USA},
author = {Iyengar, Arun},
booktitle = {Proceedings of the 37th International Conference on Distributed Computing Systems},
doi = {10.1109/ICDCS.2017.172},
isbn = {978-1-53-861791-5},
keywords = {Cloud client,Cloud service ranking,Cognitive client,Cognitive services,Service ranking,Software development kit},
month = {June},
pages = {1856--1864},
publisher = {IEEE},
title = {{Supporting Data Analytics Applications Which Utilize Cognitive Services}},
year = {2017}
}
@book{Sommerville:2011uc,
author = {Sommerville, Ian},
edition = {9th},
isbn = {978-0-13-703515-1},
publisher = {Addison-Wesley},
title = {{Software Engineering}},
year = {2011}
}
@inproceedings{Curumsing:2020semotion,
address = {Seoul, Republic of Korea},
author = {Curumsing, Maheshwaree Kissoon and Cummaudo, Alex and Graestch, Ulrike Maria and Barnett, Scott and Vasa, Rajesh},
booktitle = {Proceedings of the 5th International Workshop on Emotion Awareness in Software Engineering},
keywords = {InReview},
mendeley-tags = {InReview},
month = {May},
title = {{Ranking Computer Vision Service Issues using Emotion}},
year = {2020}
}
@book{Weerawarana:2005wx,
author = {Weerawarana, Sanjiva and Curbera, Francisco and Leymann, Frank and Storey, Tony and Ferguson, Donald F},
booktitle = {Web Services Platform Archecture},
isbn = {0-13-148874-0},
pages = {456},
publisher = {Prentice-Hall},
title = {{Web Services Platform Architecture}},
year = {2005}
}
@book{Wohlin:2012bu,
address = {Berlin, Heidelberg},
author = {Wohlin, Claes and Runeson, Per and H{\"{o}}st, Martin and Ohlsson, Magnus C and Regnell, Bj{\"{o}}rn and Wessl{\'{e}}n, Anders},
doi = {10.1007/978-3-642-29044-2},
isbn = {978-3-64-229044-2},
issn = {0098-5589},
publisher = {Springer},
title = {{Experimentation in Software Engineering}},
year = {2012}
}
@inproceedings{Boehm:1978vv,
address = {San Francisco, California, USA},
author = {Boehm, B W and Brown, J R and Lipow, M},
booktitle = {Proceedings of the 2nd International Conference on Software Engineering},
issn = {0270-5257},
keywords = {Management by objectives,Quality assurance,Quality characteristics,Quality metrics,Software engineering,Software measurement and evaluation,Software quality,Software reliability,Software standards,Testing},
month = {October},
pages = {592--605},
publisher = {IEEE Computer Society Press},
title = {{Quantitative evaluation of software quality}},
year = {1976}
}
@article{murphy2007approach,
address = {Boston, MA, USA},
author = {Murphy, Christian and Kaiser, Gail and Arias, Marta},
isbn = {978-1-62-748661-3},
journal = {Proceedings of the 19th International Conference on Software Engineering and Knowledge Engineering},
month = {July},
pages = {167--172},
title = {{An approach to software testing of machine learning applications}},
year = {2007}
}
@article{996017,
author = {Deb, Kalyanmoy and Pratap, Amrit and Agarwal, Sameer and Meyarivan, T},
doi = {10.1109/4235.996017},
issn = {1089778X},
journal = {IEEE Transactions on Evolutionary Computation},
keywords = {Constraint handling,Elitism,Genetic algorithms,Multicriterion decision making,Multiobjective optimization,Pareto-optimal solutions},
month = {April},
number = {2},
pages = {182--197},
title = {{A fast and elitist multiobjective genetic algorithm: NSGA-II}},
volume = {6},
year = {2002}
}
@inproceedings{Wang:2018vl,
address = {Baltimore, MD, USA},
author = {Wang, Bolun and Yao, Yuanshun and Viswanath, Bimal and Zheng, Haitao and Zhao, Ben Y},
booktitle = {Proceedings of the 27th USENIX Security Symposium},
isbn = {978-1-93-913304-5},
month = {July},
pages = {1281--1297},
publisher = {USENIX Association},
title = {{With great training comes great vulnerability: Practical attacks against transfer learning}},
year = {2018}
}
@article{Lavrac:1999tf,
author = {Lavra{\v{c}}, Nada},
doi = {10.1016/S0933-3657(98)00062-1},
issn = {0933-3657},
journal = {Artificial Intelligence in Medicine},
keywords = {Data mining,Machine learning,Medical applications},
number = {1},
pages = {3--23},
pmid = {10225344},
title = {{Selected techniques for data mining in medicine}},
volume = {16},
year = {1999}
}
@article{Freitas:2004vv,
author = {Freitas, Alex A},
doi = {10.1145/1046456.1046467},
issn = {1931-0145},
journal = {ACM SIGKDD Explorations Newsletter},
number = {2},
pages = {77},
title = {{A critical review of multi-objective optimization in data mining}},
volume = {6},
year = {2004}
}
@article{DoshiVelez:2017vm,
archivePrefix = {arXiv},
arxivId = {1711.01134},
author = {Doshi-Velez, Finale and Kortz, Mason and Budish, Ryan and Bavitz, Christopher and Gershman, Samuel J and O'Brien, David and Shieber, Stuart and Waldo, Jim and Weinberger, David and Wood, Alexandra},
doi = {10.2139/ssrn.3064761},
eprint = {1711.01134},
journal = {SSRN Electronic Journal},
month = {November},
title = {{Accountability of AI Under the Law: The Role of Explanation}},
year = {2017}
}
@article{Canfora:2006vk,
author = {Canfora, Gerardo and {Di Penta}, Massimiliano},
doi = {10.1109/MITP.2006.51},
issn = {1520-9202},
journal = {IT Professional},
number = {2},
pages = {10--17},
title = {{Testing services and service-centric systems: Challenges and opportunities}},
volume = {8},
year = {2006}
}
@article{Usman:2017hn,
author = {Usman, Muhammad and Britto, Ricardo and B{\"{o}}rstler, J{\"{u}}rgen and Mendes, Emilia},
doi = {10.1016/j.infsof.2017.01.006},
issn = {0950-5849},
journal = {Information and Software Technology},
keywords = {Classification,Software engineering,Systematic mapping study,Taxonomy},
month = {May},
pages = {43--59},
title = {{Taxonomies in software engineering: A Systematic mapping study and a revised taxonomy development method}},
volume = {85},
year = {2017}
}
@article{Fung:2005we,
author = {Fung, Glenn and Sandilya, Sathyakama and Rao, R Bharat},
doi = {10.1007/978-3-540-75390-2_4},
journal = {Studies in Computational Intelligence},
number = {1},
pages = {83--107},
publisher = {Springer},
title = {{Rule extraction from linear support vector machines}},
volume = {80},
year = {2009}
}
@book{Calhoun:1995ww,
author = {Alway, Joan and Calhoun, Craig},
booktitle = {Contemporary Sociology},
doi = {10.2307/2076647},
issn = {0094-3061},
number = {1},
pages = {119--120},
publisher = {American Sociological Association},
title = {{Critical Social Theory: Culture, History, and the Challenge of Difference.}},
volume = {26},
year = {1997}
}
@article{5416726,
author = {MacDonell, Stephen and Shepperd, Martin and Kitchenham, Barbara and Mendes, Emilia},
doi = {10.1109/TSE.2010.28},
issn = {0098-5589},
journal = {IEEE Transactions on Software Engineering},
keywords = {Empirical software engineering,cost estimation,meta-analysis,systematic review},
month = {September},
number = {5},
pages = {676--687},
title = {{How reliable are systematic reviews in empirical software engineering?}},
volume = {36},
year = {2010}
}
@article{Jiang:2005ua,
author = {Jiang, Taijiao and Keating, Amy E},
doi = {10.1186/1471-2105-6-136},
issn = {1471-2105},
journal = {BMC Bioinformatics},
number = {1},
pages = {136},
title = {{AVID: An integrative framework for discovering functional relationship among proteins}},
volume = {6},
year = {2005}
}
@inproceedings{Ko:2011fb,
address = {Pitts},
author = {Ko, Andrew J and Riche, Yann},
booktitle = {Proceedings of the 2011 IEEE Symposium on Visual Languages and Human Centric Computing},
doi = {10.1109/VLHCC.2011.6070395},
isbn = {978-1-45-771245-6},
keywords = {API usability,documentation,feasibility},
month = {September},
pages = {173--176},
publisher = {IEEE},
title = {{The role of conceptual knowledge in API usability}},
year = {2011}
}
@inproceedings{Foster:2003ur,
address = {Linz, Austria},
author = {Foster, H and Uchitel, S and Magee, J and Kramer, J},
booktitle = {Proceedings of the 18th International Conference on Automated Software Engineering},
doi = {10.1109/ase.2003.1240303},
month = {September},
pages = {152--161},
publisher = {IEEE},
title = {{Model-based verification of Web service compositions}},
year = {2004}
}
@inproceedings{4659256,
address = {Beijing, China},
author = {Godfrey, Michael W and German, Daniel M},
booktitle = {Proceedings of the 2008 Frontiers of Software Maintenance},
doi = {10.1109/FOSM.2008.4659256},
isbn = {978-1-42-442655-3},
keywords = {software development management,software maintenan},
month = {October},
pages = {129--138},
title = {{The past, present, and future of software evolution}},
year = {2008}
}
@article{Cummaudo:2020jss,
author = {Cummaudo, Alex and Vasa, Rajesh and Grundy, John},
journal = {Journal of Systems and Software},
keywords = {InReview},
mendeley-tags = {InReview},
title = {{Assessing the efficacy of API documentation knowledge against practitioners and computer vision services}},
year = {2020}
}
@book{Bramer:2007vg,
address = {London, England, UK},
author = {Bramer, Max},
doi = {10.1007/978-1-4471-7307-6},
isbn = {978-1-44-717306-9},
publisher = {Springer},
series = {Undergraduate Topics in Computer Science},
title = {{Principles of Data Mining}},
volume = {180},
year = {2016}
}
@book{demeyer2008software,
address = {Berlin, Heidelberg},
author = {Mens, Tom and Demeyer, Serge},
doi = {10.1007/978-3-540-76440-3},
isbn = {978-3-54-076439-7},
publisher = {Springer},
title = {{Software Evolution}},
year = {2008}
}
@article{Huysmans:2011gq,
author = {Huysmans, Johan and Dejaeger, Karel and Mues, Christophe and Vanthienen, Jan and Baesens, Bart},
doi = {10.1016/j.dss.2010.12.003},
issn = {0167-9236},
journal = {Decision Support Systems},
keywords = {Classification,Comprehensibility,Data mining,Decision tables,Knowledge representation},
month = {April},
number = {1},
pages = {141--154},
title = {{An empirical evaluation of the comprehensibility of decision table, tree and rule based predictive models}},
volume = {51},
year = {2011}
}
@article{Sun:2010ut,
author = {Sun, Shuyan and Pan, Wei and Wang, Lihshing Leigh},
doi = {10.1037/a0019507},
issn = {0022-0663},
journal = {Journal of Educational Psychology},
keywords = {Confidence intervals,Effect size,NHST,Practical significance,Statistical significance},
number = {4},
pages = {989--1004},
title = {{A Comprehensive Review of Effect Size Reporting and Interpreting Practices in Academic Journals in Education and Psychology}},
volume = {102},
year = {2010}
}
@inproceedings{Mitchell:2018in,
address = {Atlanta, GA, USA},
archivePrefix = {arXiv},
arxivId = {1810.03993},
author = {Mitchell, Margaret and Wu, Simone and Zaldivar, Andrew and Barnes, Parker and Vasserman, Lucy and Hutchinson, Ben and Spitzer, Elena and Raji, Inioluwa Deborah and Gebru, Timnit},
booktitle = {Proceedings of the 2nd Conference on Fairness, Accountability, and Transparency},
doi = {10.1145/3287560.3287596},
eprint = {1810.03993},
isbn = {978-1-45-036125-5},
keywords = {Datasheets,Disaggregated evaluation,Documentation,Ethical considerations,Fairness evaluation,ML model evaluation,Model cards},
month = {January},
pages = {220--229},
publisher = {ACM},
title = {{Model cards for model reporting}},
year = {2019}
}
@inproceedings{Hou:2013jf,
address = {Eindhoven, Netherlands},
author = {Hou, Daqing and Mo, Lingfeng},
booktitle = {Proceedings of the 29th International Conference on Software Maintenance},
doi = {10.1109/ICSM.2013.17},
keywords = {APIs,AWT/Swing,MALLET,Naive Bayes,Online Forums,Text Categorization},
month = {September},
pages = {60--69},
publisher = {IEEE},
title = {{Content categorization of API discussions}},
year = {2013}
}
@article{Zahalka:2011ux,
author = {Zah{\'{a}}lka, Jan and {\v{Z}}elezn{\'{y}}, Filip},
doi = {10.1007/s10994-010-5227-2},
issn = {0885-6125},
journal = {Machine Learning},
keywords = {Empirical evaluation,Generalization,Model complexity},
number = {3},
pages = {475--481},
title = {{An experimental test of Occam's razor in classification}},
volume = {82},
year = {2011}
}
@article{Robillard:2009uk,
author = {Robillard, Martin P},
doi = {10.1109/MS.2009.193},
issn = {0740-7459},
journal = {IEEE Software},
keywords = {API design,API usability,Application interfaces,Code examples,Context,Data mining,Documentation,Empirical study,Software documentation,Usability},
number = {6},
pages = {27--34},
title = {{What makes APIs hard to learn? answers from developers}},
volume = {26},
year = {2009}
}
@article{Uddin:2015hn,
author = {Uddin, Gias and Robillard, Martin P},
doi = {10.1109/MS.2014.80},
issn = {0740-7459},
journal = {IEEE Software},
keywords = {API,documentation,software development,software engineering,user study},
month = {June},
number = {4},
pages = {68--75},
title = {{How API Documentation Fails}},
volume = {32},
year = {2015}
}
@misc{ISO25010:2011,
author = {{International Organization for Standardization}},
title = {{ISO25010:2011 - Systems and software engineering -- Systems and software Quality Requirements and Evaluation (SQuaRE) -- System and software quality models}},
year = {2011}
}
@article{Freitas:2010vk,
author = {Freitas, Alex A and Wieser, Daniela C and Apweiler, Rolf},
doi = {10.1109/TCBB.2008.47},
issn = {1545-5963},
journal = {IEEE/ACM Transactions on Computational Biology and Bioinformatics},
keywords = {Biology,Classifier design and evaluation,Induction,Machine learning,Machine learning.},
number = {1},
pages = {172--182},
title = {{On the importance of comprehensible classification models for protein function prediction}},
volume = {7},
year = {2010}
}
@article{EhteshamiBejnordi:2017kq,
author = {Bejnordi, Babak Ehteshami and Veta, Mitko and {Van Diest}, Paul Johannes and {Van Ginneken}, Bram and Karssemeijer, Nico and Litjens, Geert and {Van Der Laak}, Jeroen A W M and Hermsen, Meyke and Manson, Quirine F and Balkenhol, Maschenka and Geessink, Oscar and Stathonikos, Nikolaos and {Van Dijk}, Marcory C R F and Bult, Peter and Beca, Francisco and Beck, Andrew H and Wang, Dayong and Khosla, Aditya and Gargeya, Rishab and Irshad, Humayun and Zhong, Aoxiao and Dou, Qi and Li, Quanzheng and Chen, Hao and Lin, Huang Jing and Heng, Pheng Ann and Ha{\ss}, Christian and Bruni, Elia and Wong, Quincy and Halici, Ugur and {\"{O}}ner, Mustafa {\"{U}}mit and Cetin-Atalay, Rengul and Berseth, Matt and Khvatkov, Vitali and Vylegzhanin, Alexei and Kraus, Oren and Shaban, Muhammad and Rajpoot, Nasir and Awan, Ruqayya and Sirinukunwattana, Korsuk and Qaiser, Talha and Tsang, Yee Wah and Tellez, David and Annuscheit, Jonas and Hufnagl, Peter and Valkonen, Mira and Kartasalo, Kimmo and Latonen, Leena and Ruusuvuori, Pekka and Liimatainen, Kaisa and Albarqouni, Shadi and Mungal, Bharti and George, Ami and Demirci, Stefanie and Navab, Nassir and Watanabe, Seiryo and Seno, Shigeto and Takenaka, Yoichi and Matsuda, Hideo and Phoulady, Hady Ahmady and Kovalev, Vassili and Kalinovsky, Alexander and Liauchuk, Vitali and Bueno, Gloria and Fernandez-Carrobles, M Milagro and Serrano, Ismael and Deniz, Oscar and Racoceanu, Daniel and Ven{\^{a}}ncio, Rui},
doi = {10.1001/jama.2017.14585},
issn = {1538-3598},
journal = {JAMA - Journal of the American Medical Association},
month = {December},
number = {22},
pages = {2199--2210},
pmid = {29234806},
title = {{Diagnostic assessment of deep learning algorithms for detection of lymph node metastases in women with breast cancer}},
volume = {318},
year = {2017}
}
@webpage{Jimerson:2017vh,
address = {San Francisco, CA, USA},
author = {Jimerson, Brian and Gregory, Brian},
howpublished = {$\backslash$url{\{}http://bit.ly/2RUBIIL{\}}},
month = {December},
title = {{Pivotal Cloud Foundry, Google ML, and Spring}},
year = {2017}
}
@article{Venners:2003vw,
author = {Venners, B},
howpublished = {$\backslash$url{\{}https://www.artima.com/intv/contracts.html{\}}},
journal = {Artima Developer},
title = {{Design by Contract: A Conversation with Bertrand Meyer}},
year = {2003}
}
@article{Bellazzi:2008tv,
author = {Bellazzi, Riccardo and Zupan, Blaz},
doi = {10.1016/j.ijmedinf.2006.11.006},
issn = {1386-5056},
journal = {International Journal of Medical Informatics},
keywords = {Clinical medicine,Data analysis,Data mining,Data mining process,Predictive models},
number = {2},
pages = {81--97},
title = {{Predictive data mining in clinical medicine: Current issues and guidelines}},
volume = {77},
year = {2008}
}
@inproceedings{Szegedy:2016ws,
address = {Las Vegas, NV, USA},
archivePrefix = {arXiv},
arxivId = {1512.00567},
author = {Szegedy, Christian and Vanhoucke, Vincent and Ioffe, Sergey and Shlens, Jon and Wojna, Zbigniew},
booktitle = {Proceedings of the 2016 IEEE Computer Society Conference on Computer Vision and Pattern Recognition},
doi = {10.1109/CVPR.2016.308},
eprint = {1512.00567},
isbn = {978-1-46-738850-4},
issn = {1063-6919},
month = {June},
pages = {2818--2826},
publisher = {IEEE},
title = {{Rethinking the Inception Architecture for Computer Vision}},
year = {2016}
}
@article{Taylor:1968tq,
author = {Taylor, R S},
doi = {10.5860/crl_29_03_178},
journal = {College and Research Libraries},
number = {3},
title = {{Question-Negotiation and Information Seeking in Libraries}},
volume = {29},
year = {1968}
}
@book{Juristo:2013vj,
address = {Boston, MA, USA},
author = {Juristo, Natalia and Moreno, Ana M},
doi = {10.1007/978-1-4757-3304-4},
month = {March},
publisher = {Springer Science {\&} Business Media},
title = {{Basics of Software Engineering Experimentation}},
year = {2001}
}
@inproceedings{Hosseini:2018jr,
address = {Cancun, Mexico},
archivePrefix = {arXiv},
arxivId = {1704.05051},
author = {Hosseini, Hossein and Xiao, Baicen and Poovendran, Radha},
booktitle = {Proceedings of the 16th IEEE International Conference on Machine Learning and Applications},
doi = {10.1109/ICMLA.2017.0-172},
eprint = {1704.05051},
isbn = {978-1-53-861417-4},
keywords = {Adversarial machine learning,Google Cloud Vision API,Image Noise,Machine learning},
month = {December},
pages = {101--105},
publisher = {IEEE},
title = {{Google's cloud vision API is not robust to noise}},
volume = {2017-Decem},
year = {2017}
}
@incollection{OpenSoftwareFoundation:1991vp,
author = {{Open Software Foundation}},
booktitle = {OSF DCE application development guide: revision 1.0},
month = {December},
publisher = {Prentice Hall},
title = {{Part 3: DCE Remote Procedure Call (RPC)}},
year = {1991}
}
@inproceedings{Piccioni:2013em,
address = {Baltimore, MD, USA},
author = {Piccioni, Marco and Furia, Carlo A and Meyer, Bertrand},
booktitle = {Proceedings of the 13th International Symposium on Empirical Software Engineering and Measurement},
doi = {10.1109/ESEM.2013.14},
issn = {1949-3770},
keywords = {application programming interfaces},
month = {October},
pages = {5--14},
publisher = {IEEE},
title = {{An empirical study of API usability}},
year = {2013}
}
@inproceedings{Ridgeway:1998ud,
address = {New York, NY, USA},
author = {Ridgeway, Greg and Madigan, David and Richardson, Thomas and O'Kane, John},
booktitle = {Proceedings of the 4th International Conference on Knowledge Discovery and Data Mining},
pages = {101--104},
publisher = {AAAI},
title = {{Interpretable Boosted Na{\"{i}}ve Bayes Classification}},
year = {1998}
}
@techreport{Kitchenham:2007dd,
address = {Keele, UK},
author = {Kitchenham, Barbara and Charters, S},
booktitle = {EBSE Technical Report},
institution = {Software Engineering Group, Keele University and Department of Computer Science, University of Durham},
title = {{Guidelines for performing Systematic Literature Reviews in Software Engineering}},
year = {2007}
}
@article{Martens:2011uh,
author = {Martens, David and Vanthienen, Jan and Verbeke, Wouter and Baesens, Bart},
doi = {10.1016/j.dss.2011.01.013},
issn = {0167-9236},
journal = {Decision Support Systems},
keywords = {Classification,Comprehensibility,Data mining,Justifiability,Metrics},
number = {4},
pages = {782--793},
title = {{Performance of classification models from a user perspective}},
volume = {51},
year = {2011}
}
@inproceedings{Nybom:2018ef,
address = {Prague, Czech Republic},
author = {Nybom, Kristian and Ashraf, Adnan and Porres, Ivan},
booktitle = {Proceedings of the 44th Euromicro Conference on Software Engineering and Advanced Applications},
doi = {10.1109/SEAA.2018.00081},
isbn = {978-1-53-867382-9},
keywords = {API,API documentation,Systematic mapping study},
month = {August},
pages = {462--469},
publisher = {IEEE},
title = {{A systematic mapping study on API documentation generation approaches}},
year = {2018}
}
@inproceedings{Ribeiro:2016gg,
address = {San Francisco, CA, USA},
author = {Ribeiro, Marco Tulio and Singh, Sameer and Guestrin, Carlos},
booktitle = {Proceedings of the 22nd ACM SIGKDD International Conference on Knowledge Discovery and Data Mining},
doi = {2939672.2939778},
month = {August},
pages = {1135--1144},
publisher = {ACM Press},
title = {{`Why Should I Trust You?': Explaining the Predictions of Any Classifier}},
year = {2016}
}
@techreport{murphy2008improving,
address = {New York, NY, USA},
author = {Murphy, Christian and Kaiser, Gail},
doi = {10.7916/D8RF62VN},
institution = {Department of Computer Science, Columbia University},
keywords = {Index Terms—Machine Learning,Metamorphic Testing,Non-Testable Programs,Oracle Problem,Quality Assurance,Random Testing,Software Dependability,Software Testing},
number = {Ml},
pages = {1--21},
title = {{Improving the Dependability of Machine Learning Applications}},
year = {2008}
}
@article{Selvaraju:2017bk,
author = {Selvaraju, Ramprasaath R and Cogswell, Michael and Das, Abhishek and Vedantam, Ramakrishna and Parikh, Devi and Batra, Dhruv},
doi = {10.1007/s11263-019-01228-7},
issn = {1573-1405},
journal = {International Journal of Computer Vision},
keywords = {Explanations,Grad-CAM,Interpretability,Transparency,Visual explanations,Visualizations},
pages = {618--626},
publisher = {IEEE},
title = {{Grad-CAM: Visual Explanations from Deep Networks via Gradient-Based Localization}},
year = {2019}
}
@article{zurMuehlen:2005ci,
author = {{Zur Muehlen}, Michael and Nickerson, Jeffrey V and Swenson, Keith D},
doi = {10.1016/j.dss.2004.04.008},
issn = {0167-9236},
journal = {Decision Support Systems},
keywords = {Choreography,Integration,Interoperability,Process,REST,SOAP,Standards,Web services,Workflow},
month = {July},
number = {1 SPEC. ISS.},
pages = {9--29},
title = {{Developing web services choreography standards - The case of REST vs. SOAP}},
volume = {40},
year = {2005}
}
@article{Sokolova:2009vu,
author = {Sokolova, Marina and Lapalme, Guy},
doi = {10.1016/j.ipm.2009.03.002},
issn = {0306-4573},
journal = {Information Processing and Management},
keywords = {Machine Learning,Performance evaluation,Text classification},
number = {4},
pages = {427--437},
title = {{A systematic analysis of performance measures for classification tasks}},
volume = {45},
year = {2009}
}
@article{Garvin:1984vf,
author = {Garvin, David A},
journal = {MIT Sloan Management Review},
number = {1},
title = {{What Does 'Product Quality' Really Mean?}},
volume = {26},
year = {1984}
}
@article{Heckel:2005uk,
author = {Heckel, Reiko and Lohmann, Marc},
doi = {10.1016/j.entcs.2004.02.073},
issn = {1571-0661},
journal = {Electronic Notes in Theoretical Computer Science},
month = {January},
pages = {145--156},
title = {{Towards Contract-based Testing of Web Services}},
volume = {116},
year = {2005}
}
@inproceedings{Canfora:2005vd,
address = {Manchester, England, UK},
author = {Canfora, Gerardo},
booktitle = {Proceedings of the 9th European Conference on Software Maintenance and Reengineering},
doi = {10.1109/csmr.2005.57},
issn = {1534-5351},
month = {March},
pages = {301},
publisher = {IEEE},
title = {{User-side testing of Web Services}},
year = {2005}
}
@inproceedings{Cummaudo:2020icse-demo,
address = {Seoul, Republic of Korea},
author = {Cummaudo, Alex and Barnett, Scott and Vasa, Rajesh and Grundy, John},
booktitle = {Proceedings of the 42nd International Conference on Software Engineering 2},
keywords = {InReview},
mendeley-tags = {InReview},
month = {May},
publisher = {IEEE},
title = {{Threshy: Supporting Safe Usage of Intelligent Web Services}},
year = {2020}
}
@article{Boehm:2005vj,
author = {Boehm, Barry and Basili, Victor R},
chapter = {12},
doi = {10.1109/9780470049167.ch12},
isbn = {978-0-47-004916-7},
journal = {Software Management},
pages = {419--421},
title = {{Software defect reduction top 10 list}},
year = {2007}
}
@inproceedings{Otero:2013ul,
author = {Otero, Fernando E B and Freitas, Alex A},
booktitle = {Evolutionary Computation},
doi = {10.1162/EVCO_a_00155},
issn = {1530-9304},
keywords = {Ant colony optimization,Classification,Comprehensibility,Data mining,Sequential covering,Unordered rules},
number = {3},
pages = {385--409},
pmid = {26066807},
publisher = {ACM},
title = {{Improving the interpretability of classification rules discovered by an ant colony algorithm: Extended results}},
volume = {24},
year = {2016}
}
@book{Sugiyama:2017ud,
address = {Cambridge, MA, USA},
author = {Schwaighofer, Anton and Lawrence, Neil D},
editor = {Qui{\~{n}}onero-Candela, Joaquin and Sugiyama, Masashi},
isbn = {978-0-26-217005-5},
publisher = {The MIT Press},
title = {{Dataset shift in machine learning}},
year = {2008}
}
@inproceedings{Dibia:2017iy,
address = {Denver, CO, USA},
archivePrefix = {arXiv},
arxivId = {1805.10723},
author = {Dibia, Victor and Cox, Aaron and Weisz, Justin},
booktitle = {Proceedings of the 2017 CHI Conference Extended Abstracts on Human Factors in Computing Systems},
eprint = {1805.10723},
month = {May},
pages = {381--384},
publisher = {ACM},
title = {{Designing for Democratization: Introducing Novices to Artificial Intelligence Via Maker Kits}},
year = {2017}
}
@techreport{LoGiudice:2016wf,
author = {{Lo Giudice}, Diego and Mines, Christopher and LeClair, Amanda and Curran, Rowan and Homan, Amy},
month = {November},
title = {{How AI Will Change Software Development And Applications}},
year = {2016}
}
@article{Gilmore:1974um,
author = {Gilmore, Harold L},
journal = {Quality progress},
number = {5},
pages = {16--19},
title = {{Product conformance cost}},
volume = {7},
year = {1974}
}
@inproceedings{Cummaudo:2020esecfse,
address = {Sacramento, CA, USA},
author = {Cummaudo, Alex},
booktitle = {28th Joint European Software Engineering Conference and Symposium on the Foundations of Software Engineering},
keywords = {InReview},
mendeley-tags = {InReview},
title = {{ESEC/FSE Paper}}
}
@article{Marshall:2018uj,
author = {Marshall, Thomas Edward and Lambert, Sherwood Lane},
doi = {10.2308/jeta-52095},
issn = {1558-7940},
journal = {Journal of Emerging Technologies in Accounting},
keywords = {Artificial intelligence,Augmented intelligence,Cognitive computing,Task automation,Workforce},
number = {1},
pages = {199--215},
title = {{Cloud-based intelligent accounting applications: Accounting task automation using IBM watson cognitive computing}},
volume = {15},
year = {2018}
}
@article{Moody:2009vo,
author = {Moody, Daniel},
doi = {10.1109/TSE.2009.67},
issn = {0098-5589},
journal = {IEEE Transactions on Software Engineering},
keywords = {Analysis,Communication,Concrete syntax,Diagrams,Modeling,Visual syntax,Visualization},
number = {6},
pages = {756--779},
title = {{The physics of notations: Toward a scientific basis for constructing visual notations in software engineering}},
volume = {35},
year = {2009}
}
@book{Rutten:2004a,
author = {Rutten, J and Kwiatkowska, M and Norman, G and Parker, D},
editor = {Panangaden, P and van Breugel, F},
publisher = {American Mathematical Society},
series = {CRM Monograph Series},
title = {{Mathematical techniques for analyzing concurrent and probabilistic systems}},
volume = {23},
year = {2004}
}
@article{Dejaeger:2012up,
author = {Dejaeger, Karel and Goethals, Frank and Giangreco, Antonio and Mola, Lapo and Baesens, Bart},
doi = {10.1016/j.ejor.2011.11.022},
issn = {0377-2217},
journal = {European Journal of Operational Research},
keywords = {Comprehensibility,Data mining,Education evaluation,Multi class classification},
number = {2},
pages = {548--562},
title = {{Gaining insight into student satisfaction using comprehensible data mining techniques}},
volume = {218},
year = {2012}
}
@book{Pirsig:1974vs,
author = {Pirsig, Robert M},
doi = {9780060589462},
edition = {1st},
publisher = {HarperTorch},
title = {{Zen and the art of motorcycle maintenance: An inquiry into values}},
year = {1974}
}
@inproceedings{Kaufman:1999vg,
address = {Warsaw, Poland},
author = {Kaufman, Kenneth A and Michalski, Ryszard S},
booktitle = {Proceedings of the 11th European Conference on Principles and Practice of Knowledge Discovery in Databases},
doi = {10.1007/BFb0095128},
isbn = {354065965X},
issn = {1611-3349},
month = {September},
pages = {411--419},
publisher = {Springer},
title = {{Learning from inconsistent and noisy data: The AQ18 approach}},
volume = {1609},
year = {1999}
}
@article{Shannon:1963ti,
address = {Urbana, IL, USA},
author = {Shannon, Claude E and Weaver, Warren},
doi = {10.1002/j.1538-7305.1948.tb01338.x},
journal = {The Bell System Technical Journal},
number = {3},
pages = {379--423},
publisher = {The University of Illinois Press},
title = {{The mathematical theory of communication}},
volume = {27},
year = {1948}
}
@article{Blake:1998vd,
author = {Blake, J J and Maguire, L P and McGinnity, T M and Roche, B and McDaid, L J},
doi = {10.1016/S0020-0255(98)10029-4},
issn = {0020-0255},
journal = {Information Sciences},
number = {1-4},
pages = {151--168},
title = {{The implementation of fuzzy systems, neural networks and fuzzy neural networks using FPGAs}},
volume = {112},
year = {1998}
}
@inproceedings{Novielli:2015vda,
address = {Bergamo, Italy},
author = {Novielli, Nicole and Calefato, Fabio and Lanubile, Filippo},
booktitle = {Proceedings of the 7th International Workshop on Social Software Engineering},
doi = {10.1145/2804381.2804387},
isbn = {978-1-45-033818-9},
keywords = {Online Q and A,Overflow,Sentiment Analysis,Social Programmer,Social Software Engineering,Stack,Technical Forum},
month = {August},
pages = {33--40},
title = {{The challenges of sentiment detection in the social programmer ecosystem}},
year = {2015}
}
@article{GAROUSI2019101,
archivePrefix = {arXiv},
arxivId = {1707.02553},
author = {Garousi, Vahid and Felderer, Michael and M{\"{a}}ntyl{\"{a}}, Mika V},
doi = {10.1016/j.infsof.2018.09.006},
eprint = {1707.02553},
issn = {0950-5849},
journal = {Information and Software Technology},
keywords = {Evidence-based software engineering,Grey literature,Guidelines,Literature study,Multivocal literature review,Systematic literature review,Systematic mapping study},
pages = {101--121},
title = {{Guidelines for including grey literature and conducting multivocal literature reviews in software engineering}},
volume = {106},
year = {2019}
}
@misc{Bessin:2004vc,
author = {Bessin, J},
booktitle = {IBM developerWorks, June},
howpublished = {$\backslash$url{\{}https://ibm.co/2u0UDK0{\}}},
publisher = {IBM Corporation},
title = {{The Business Value of Quality}},
volume = {15},
year = {2004}
}
@article{Krosnick:1999wt,
author = {Krosnick, Jon A},
doi = {10.1146/annurev.psych.50.1.537},
issn = {0066-4308},
journal = {Annual Review of Psychology},
month = {February},
number = {1},
pages = {537--567},
title = {{Survey Research}},
volume = {50},
year = {1999}
}
@inproceedings{Michie:1988te,
address = {Glasgow, Scotland, UK},
author = {Michie, D},
booktitle = {Proceedings of the 3rd European Conference on European Working Session on Learning},
isbn = {978-0-27-308800-4},
month = {October},
pages = {107--122},
publisher = {Pitman Publishing, Inc.},
title = {{Machine learning in the next five years}},
year = {1988}
}
@book{Wong:2006ve,
author = {Wong, Man Leung and Leung, Kwong Sak},
booktitle = {Data Mining Using Grammar Based Genetic Programming and Applications},
doi = {10.1007/b116131},
publisher = {Springer Science {\&} Business Media},
title = {{Data Mining Using Grammar Based Genetic Programming and Applications}},
volume = {3},
year = {2002}
}
@inproceedings{7180082,
address = {Florence, Italy},
author = {Wang, Wei and Malik, Haroon and Godfrey, Michael W},
booktitle = {Proceedings of the 12th Working Conference on Mining Software Repositories},
doi = {10.1109/MSR.2015.28},
isbn = {978-0-7695-5594-2},
issn = {2160-1860},
keywords = {API usability,Application program interfaces,Online Q{\&}A,Recommendation systems,Software ecosystems,Stackoverflow},
month = {May},
pages = {224--234},
publisher = {IEEE},
title = {{Recommending Posts concerning API Issues in Developer Q{\&}A Sites}},
year = {2015}
}
@inproceedings{Lin:2014vma,
address = {Zurich, Germany},
archivePrefix = {arXiv},
arxivId = {1405.0312},
author = {Lin, Tsung Yi and Maire, Michael and Belongie, Serge and Hays, James and Perona, Pietro and Ramanan, Deva and Doll{\'{a}}r, Piotr and Zitnick, C Lawrence},
booktitle = {Proceedings of the 13th European Conference on Computer Vision},
doi = {10.1007/978-3-319-10602-1_48},
editor = {Fleet, David and Pajdla, Tom{\'{a}}s and Schiele, Bernt and Tuytelaars, Tinne},
eprint = {1405.0312},
issn = {1611-3349},
month = {September},
number = {PART 5},
pages = {740--755},
publisher = {Springer},
title = {{Microsoft COCO: Common objects in context}},
volume = {8693 LNCS},
year = {2014}
}
@article{Dromey:1995wy,
author = {Dromey, R Geoff},
doi = {10.1109/32.345830},
isbn = {978-1-11-815666-7},
issn = {0098-5589},
journal = {IEEE Transactions on Software Engineering},
number = {2},
pages = {146--162},
title = {{A model for software product quality}},
volume = {21},
year = {1995}
}
@phdthesis{Fielding:2000vh,
author = {Fielding, Roy Thomas},
doi = {978-0-599-87118-2},
school = {University of California, Irvine},
title = {{Architectural Styles and the Design of Network-based Software Architectures}},
year = {2000}
}
@book{Rosenberry:1992up,
author = {Rosenberry, Ward and Kenney, David and Fisher, Gerry},
isbn = {978-1-56-592005-7},
publisher = {O'Reilly {\&} Associates, Inc.},
title = {{Understanding DCE}},
year = {1992}
}
@article{Chambers:1991uh,
author = {Chambers, C V and Balaban, D J and Carlson, B L and Grasberger, D M},
doi = {10.3122/jabfm.4.1.19},
issn = {0893-8652},
journal = {The Journal of the American Board of Family Practice / American Board of Family Practice},
number = {1},
pages = {19--26},
title = {{The effect of microcomputer-generated reminders on influenza vaccination rates in a university-based family practice center.}},
volume = {4},
year = {1991}
}
@inproceedings{Shaw:2003aa,
address = {Portland, OR, USA},
author = {Shaw, M},
booktitle = {Proceedings of the 25th International Conference on Software Engineering},
isbn = {978-0-76-951877-0},
month = {May},
pages = {726--736},
publisher = {IEEE},
title = {{Writing good software engineering research papers}},
year = {2003}
}
@article{Robillard:2011uv,
author = {Robillard, Martin P and Deline, Robert},
doi = {10.1007/s10664-010-9150-8},
issn = {1382-3256},
journal = {Empirical Software Engineering},
keywords = {Application programming interfaces,Documentation,Programming,Software libraries},
number = {6},
pages = {703--732},
title = {{A field study of API learning obstacles}},
volume = {16},
year = {2011}
}
@misc{InternationalOrganizationforStandardization2015,
author = {{International Organization for Standardization}},
title = {{ISO 9000:2015 Quality management systems – Fundamentals and vocabulary}},
howpublished = {[Online] Available: \url{http://bit.ly/37O4oKo}},
year = {2015}
}
@article{Lima:2009tm,
author = {Lima, E and Mues, C and Baesens, B},
doi = {10.1057/jors.2008.161},
issn = {0160-5682},
journal = {Journal of the Operational Research Society},
keywords = {Churn,Data mining,Decision tables,Domain knowledge},
number = {8},
pages = {1096--1106},
title = {{Domain knowledge integration in data mining using decision tables: Case studies in churn prediction}},
volume = {60},
year = {2009}
}
@inproceedings{covington2016deep,
address = {Boston, MA, USA},
author = {Covington, Paul and Adams, Jay and Sargin, Emre},
booktitle = {Proceedings of the 10th ACM Conference on Recommender Systems},
doi = {10.1145/2959100.2959190},
isbn = {978-1-45-034035-9},
keywords = {Deep learning,Recommender system,Scalability},
month = {September},
pages = {191--198},
publisher = {ACM},
title = {{Deep neural networks for youtube recommendations}},
year = {2016}
}
@article{DoshiVelez:2017wu,
archivePrefix = {arXiv},
arxivId = {1702.08608},
author = {Doshi-Velez, Finale and Kim, Been},
eprint = {1702.08608},
journal = {arXiv preprint arXiv:1702.08608},
title = {{Towards A Rigorous Science of Interpretable Machine Learning}},
year = {2017}
}
@article{Sculley2015,
address = {Montreal, QC, Canada},
author = {Sculley, D and Holt, Gary and Golovin, Daniel and Davydov, Eugene and Phillips, Todd and Ebner, Dietmar and Chaudhary, Vinay and Young, Michael and Crespo, Jean Fran{\c{c}}ois and Dennison, Dan},
isbn = {0262017091, 9780262017091},
issn = {1049-5258},
journal = {Proceedings of the 29th Conference on Neural Information Processing Systems},
month = {December},
pages = {2503--2511},
title = {{Hidden technical debt in machine learning systems}},
year = {2015}
}
@book{Juran:1988tg,
author = {M., Juran J},
isbn = {978-0-02-916681-9},
publisher = {Free Press},
title = {{Juran on Planning for Quality}},
year = {1988}
}
@article{Frey:2007hs,
author = {Frey, Brendan J and Dueck, Delbert},
doi = {10.1126/science.1136800},
issn = {0036-8075},
journal = {Science},
month = {February},
number = {5814},
pages = {972--976},
title = {{Clustering by passing messages between data points}},
volume = {315},
year = {2007}
}
@article{IBMTripleModularRedendancy,
author = {Lyons, R E and Vanderkulk, W},
doi = {10.1147/rd.62.0200},
issn = {0018-8646},
journal = {IBM Journal of Research and Development},
month = {April},
number = {2},
pages = {200--209},
title = {{The Use of Triple-Modular Redundancy to Improve Computer Reliability}},
volume = {6},
year = {2010}
}
@article{Cavano:1978gz,
author = {Cavano, Joseph P and McCall, James A},
doi = {10.1145/800283.811113},
journal = {Proceedings of the Software Quality Assurance Workshop on Functional and Performance Issues},
month = {November},
number = {5},
pages = {133--139},
title = {{A framework for the measurement of software quality}},
volume = {3},
year = {1978}
}
@inproceedings{Nakajima:2002ut,
address = {Montreal, QC, Canada},
author = {Nakajima, Shin},
booktitle = {Proceedings of the First International Symposium on Cyber World},
isbn = {978-0-76-951862-6},
month = {November},
pages = {378--385},
publisher = {IEEE},
title = {{Model-Checking Verification for Reliable Web Service}},
year = {2002}
}
@misc{Tabor:1997tw,
address = {New York, NY, USA},
author = {Tabor, Mary B W},
booktitle = {New York Times},
howpublished = {$\backslash$url{\{}https://nyti.ms/2UiKrrd{\}}},
month = {February},
title = {{Student Proves That S.A.T. Can Be: (D) Wrong}},
year = {1997}
}
@techreport{RightScaleInc:2018kJ,
author = {{RightScale Inc.}},
pages = {1--19},
title = {{State of the Cloud Report: DevOps Trends}},
year = {2016}
}
@book{Jin:2006uf,
address = {Berlin, Heidelberg},
author = {Jin, Yaochu},
doi = {10.1007/3-540-33019-4},
isbn = {978-3-54-030676-4},
publisher = {Springer},
series = {Studies in Computational Intelligence},
title = {{Multi-Objective Machine Learning}},
year = {2006}
}
@inproceedings{Kim:2014ui,
address = {Montreal, QC, Canada},
archivePrefix = {arXiv},
arxivId = {1503.01161},
author = {Kim, Been and Rudin, Cynthia and Shah, Julie},
booktitle = {Proceedings of the 28th Conference on Neural Information Processing Systems},
eprint = {1503.01161},
issn = {1049-5258},
month = {December},
pages = {1952--1960},
title = {{The Bayesian case model: A generative approach for case-based reasoning and prototype classification}},
year = {2014}
}
@inproceedings{Ross:2017vn,
address = {Melbourne, Australia},
archivePrefix = {arXiv},
arxivId = {1703.03717},
author = {Ross, Andrew Slavin and Hughes, Michael C and Doshi-Velez, Finale},
booktitle = {Proceedings of the 26th International Joint Conferences on Artificial Intelligence},
doi = {10.24963/ijcai.2017/371},
eprint = {1703.03717},
isbn = {978-0-99-924110-3},
issn = {1045-0823},
month = {August},
pages = {2662--2670},
title = {{Right for the right reasons: Training differentiable models by constraining their explanations}},
year = {2017}
}
@article{Heckerman:2000uw,
author = {Heckerman, David and Chickering, David Maxwell and Meek, Christopher and Rounthwaite, Robert and Kadie, Carl},
doi = {10.1162/153244301753344614},
issn = {1532-4435},
journal = {Journal of Machine Learning Research},
keywords = {Bayesian networks,Collaborative filtering,Data visualization,Dependency networks,Exploratory data analysis,Gibbs sampling,Graphical models,Probabilistic inference},
number = {1},
pages = {49--75},
title = {{Dependency networks for inference, collaborative filtering, and data visualization}},
volume = {1},
year = {2001}
}
@book{Miles:1994ty,
author = {Schwandt, Thomas A},
booktitle = {Evaluation and Program Planning},
doi = {10.1016/0149-7189(96)88232-2},
issn = {0149-7189},
number = {1},
pages = {106--107},
publisher = {sage},
title = {{Qualitative data analysis: An expanded sourcebook}},
volume = {19},
year = {1996}
}
@incollection{Singer:2007tu,
author = {Singer, Janice and Sim, Susan E and Lethbridge, Timothy C},
booktitle = {Guide to Advanced Empirical Software Engineering},
chapter = {1},
month = {November},
pages = {9--34},
publisher = {Springer Science {\&} Business Media},
title = {{Software engineering data collection for field studies}},
year = {2007}
}
@book{Witten:2016ut,
author = {Witten, Ian H and Frank, Eibe and Hall, Mark A and Pal, Christopher J},
booktitle = {Data Mining: Practical Machine Learning Tools and Techniques},
doi = {10.1016/c2009-0-19715-5},
isbn = {978-0-12-804291-5},
pages = {1--621},
publisher = {Morgan Kaufmann},
title = {{Data Mining: Practical Machine Learning Tools and Techniques}},
year = {2016}
}
@inproceedings{Aghajani:2019bo,
address = {Montreal, QC, Canada},
author = {Aghajani, Emad and Nagy, Csaba and Vega-Marquez, Olga Lucero and Linares-Vasquez, Mario and Moreno, Laura and Bavota, Gabriele and Lanza, Michele},
booktitle = {Proceedings of the 41st International Conference on Software Engineering},
doi = {10.1109/ICSE.2019.00122},
isbn = {978-1-72-810869-8},
issn = {0270-5257},
keywords = {Documentation,Empirical Study},
month = {May},
pages = {1199--1210},
publisher = {IEEE},
title = {{Software Documentation Issues Unveiled}},
year = {2019}
}
@book{Simon:1996uw,
author = {Michalos, Alex C and Simon, Herbert A},
booktitle = {Technology and Culture},
doi = {10.2307/3102825},
issn = {0040165X},
number = {1},
pages = {118},
publisher = {MIT press},
title = {{The Sciences of the Artificial}},
volume = {11},
year = {1970}
}
@inproceedings{hohman2019gamut,
address = {Glasgow, Scotland, UK},
author = {Hohman, Fred and Head, Andrew and Caruana, Rich and DeLine, Robert and Drucker, Steven M},
booktitle = {Proceedings of the 2019 CHI Conference on Human Factors in Computing Systems},
doi = {10.1145/3290605.3300809},
isbn = {978-1-45-035970-2},
keywords = {Data visualization,Design probe,Interactive interfaces,Machine learning interpretability,Visual analytics},
month = {May},
publisher = {ACM},
title = {{Gamut: A design probe to understand how data scientists understand machine learning models}},
year = {2019}
}
@article{Lau:1999vs,
author = {Lau, Francis},
doi = {10.1108/09593849910267206},
issn = {0959-3845},
journal = {Information Technology {\&} People},
keywords = {Action research,Assessment,Information systems,Methodology,Quality,Research},
number = {2},
pages = {148--176},
title = {{Toward a framework for action research in information systems studies}},
volume = {12},
year = {1999}
}
@inproceedings{nishi2018test,
address = {V{\"{a}}ster{\aa}s, Sweden},
author = {Nishi, Yasuharu and Masuda, Satoshi and Ogawa, Hideto and Uetsuki, Keiji},
booktitle = {Proceedings of the 11th International Conference on Software Testing, Verification and Validation Workshops},
doi = {10.1109/ICSTW.2018.00060},
isbn = {978-1-53-866352-3},
keywords = {Artificial intelligence,Functional safety,Machine learning,Quality assurance,Test architecture,Test design,Test level,Test type},
month = {April},
pages = {273--278},
publisher = {IEEE},
title = {{A test architecture for machine learning product}},
year = {2018}
}
@inproceedings{Yi:2004ve,
address = {San Diego, CA, USA},
author = {Yi, Xiaochuan and Kochut, Krys J},
booktitle = {Proceedings of the 2004 IEEE International Conference on Web Services},
doi = {10.1109/icws.2004.1314810},
isbn = {0-76-952167-3},
month = {July},
pages = {756--760},
publisher = {IEEE},
title = {{A CP-nets-based design and verification framework for web services composition}},
year = {2004}
}
@book{Shull:2007vh,
author = {Shull, Forrest and Singer, Janice and Sj{\o}berg, Dag I K},
doi = {10.1007/978-1-84800-044-5},
editor = {Shull, Forrest and Singer, Janice and Sj{\o}berg, Dag I K},
isbn = {978-1-84-800043-8},
month = {November},
publisher = {Springer Science {\&} Business Media},
title = {{Guide to Advanced Empirical Software Engineering}},
year = {2008}
}
@article{Jaspers:2011hy,
author = {Jaspers, Monique W M and Smeulers, Marian and Vermeulen, Hester and Peute, Linda W},
doi = {10.1136/amiajnl-2011-000094},
issn = {1067-5027},
journal = {Journal of the American Medical Informatics Association},
number = {3},
pages = {327--334},
pmid = {21422100},
title = {{Effects of clinical decision-support systems on practitioner performance and patient outcomes: A synthesis of high-quality systematic review findings}},
volume = {18},
year = {2011}
}
@book{Boehm:1981ua,
address = {Englewood Cliffs, NJ, USA},
author = {Boehm, Barry W},
isbn = {0-13-822122-7},
publisher = {Prentice-Hall},
title = {{Software engineering economics}},
year = {1981}
}
@article{Verbeke:2011vo,
author = {Verbeke, Wouter and Martens, David and Mues, Christophe and Baesens, Bart},
doi = {10.1016/j.eswa.2010.08.023},
issn = {0957-4174},
journal = {Expert Systems with Applications},
keywords = {ALBA,Ant Colony Optimization,Churn prediction,Classification,Comprehensible rule induction,Data mining},
number = {3},
pages = {2354--2364},
title = {{Building comprehensible customer churn prediction models with advanced rule induction techniques}},
volume = {38},
year = {2011}
}
@misc{Mapillar97:online,
note = {Accessed: 25 January 2019},
author = {{GeoSpatial World}},
month = {September},
title = {{Mapillary and Amazon Rekognition collaborate to build a parking solution for US cities through computer vision}},
howpublished = {[Online] Available: \url{http://bit.ly/36AdRmS}},
year = {2018}
}
@article{braiek2018testing,
archivePrefix = {arXiv},
arxivId = {1812.02257},
author = {Braiek, Houssem Ben and Khomh, Foutse},
eprint = {1812.02257},
howpublished = {$\backslash$url{\{}http://arxiv.org/abs/1812.02257{\}}},
journal = {arXiv preprint arXiv:1812.02257},
month = {December},
title = {{On Testing Machine Learning Programs}},
year = {2018}
}
@inproceedings{Sinha:2013tt,
address = {San Francisco, CA, USA},
author = {Sinha, Vibha Singhal and Mani, Senthil and Gupta, Monika},
booktitle = {Proceedings of the 10th Working Conference on Mining Software Repositories},
doi = {10.1109/MSR.2013.6624010},
isbn = {978-1-46-732936-1},
issn = {2160-1852},
month = {May},
pages = {77--80},
publisher = {IEEE},
title = {{Exploring activeness of users in QA forums}},
year = {2013}
}
@article{Cohen:1960tf,
author = {Cohen, Jacob},
doi = {10.1177/001316446002000104},
issn = {1552-3888},
journal = {Educational and Psychological Measurement},
number = {1},
pages = {37--46},
title = {{A Coefficient of Agreement for Nominal Scales}},
volume = {20},
year = {1960}
}
@inproceedings{Ohtake:2019vi,
address = {Daejeon, Republic of Korea},
author = {Ohtake, Tomohiro and Cummaudo, Alex and Abdelrazek, Mohamed and Vasa, Rajesh and Grundy, John},
booktitle = {Proceedings of the 19th International Conference on Web Engineering},
doi = {10.1007/978-3-030-19274-7\_28},
isbn = {978-3-03-019273-0},
issn = {1611-3349},
keywords = {Application programming interfaces,Artificial intelligence,Data integration,Supervised learning,Web services},
month = {June},
pages = {391--406},
publisher = {Springer},
title = {{Merging intelligent API responses using a proportional representation approach}},
year = {2019}
}
@article{Ritzer:1991ge,
author = {Ritzer, George and Guba, Egon},
doi = {10.2307/3340973},
issn = {0318-6431},
journal = {Canadian Journal of Sociology},
number = {4},
pages = {446},
title = {{The Paradigm Dialog}},
volume = {16},
year = {1991}
}
@article{Landis:1977kv,
author = {Landis, J Richard and Koch, Gary G},
doi = {10.2307/2529310},
issn = {0006341X},
journal = {Biometrics},
month = {March},
number = {1},
pages = {159},
pmid = {843571},
title = {{The Measurement of Observer Agreement for Categorical Data}},
volume = {33},
year = {1977}
}
@inproceedings{Cummaudo:2019icsme,
address = {Cleveland, OH, USA},
archivePrefix = {arXiv},
arxivId = {1906.07328},
author = {Cummaudo, Alex and Vasa, Rajesh and Grundy, John and Abdelrazek, Mohamed and Cain, Andrew},
booktitle = {Proceedings of the 35th IEEE International Conference on Software Maintenance and Evolution},
doi = {10.1109/ICSME.2019.00051},
eprint = {1906.07328},
isbn = {978-1-72-813094-1},
month = {December},
pages = {333--342},
publisher = {IEEE},
title = {{Losing Confidence in Quality: Unspoken Evolution of Computer Vision Services}},
year = {2019}
}
@book{Horch:2003uv,
author = {Horch, John W},
isbn = {978-1-58-053604-2},
pages = {286},
publisher = {Artech House},
title = {{Practical Guide To Software Quality Management}},
year = {2003}
}
@article{Huang:2005tc,
author = {Huang, Jin and Ling, Charles X},
doi = {10.1109/TKDE.2005.50},
issn = {1041-4347},
journal = {IEEE Transactions on Knowledge and Data Engineering},
keywords = {AUC of ROC,Accuracy,Evaluation of learning algorithms,ROC},
number = {3},
pages = {299--310},
title = {{Using AUC and accuracy in evaluating learning algorithms}},
volume = {17},
year = {2005}
}
@inproceedings{Shepperd:2018hr,
address = {Gothenburg, Sweden},
archivePrefix = {arXiv},
arxivId = {1802.04580},
author = {Shepperd, Martin},
booktitle = {Proceedings of the 40th International Conference on Software Engineering},
doi = {10.1145/3183399.3183423},
eprint = {1802.04580},
isbn = {978-1-45-035662-6},
issn = {0270-5257},
keywords = {Software engineering,empirical study,evidence,replication},
month = {May},
pages = {73--76},
publisher = {ACM},
title = {{Replication studies considered harmful}},
year = {2018}
}
@inproceedings{Johansson:2009uo,
address = {Nashville, TN, USA},
author = {Johansson, Ulf and Niklasson, Lars},
booktitle = {Proceedings of the 2009 IEEE Symposium on Computational Intelligence and Data Mining},
doi = {10.1109/CIDM.2009.4938655},
isbn = {978-1-42-442765-9},
month = {May},
pages = {238--244},
publisher = {IEEE},
title = {{Evolving decision trees using oracle guides}},
year = {2009}
}
@article{Ashby:1957db,
author = {Ashby, W Ross and Pierce, J R},
journal = {Physics Today},
month = {July},
number = {7},
pages = {34--36},
title = {{An Introduction to Cybernetics}},
volume = {10},
year = {1957}
}
@inproceedings{Lakkaraju:2016ka,
address = {San Francisco, CA, USA},
author = {Lakkaraju, Himabindu and Bach, Stephen H and Leskovec, Jure},
booktitle = {Proceedings of the 22nd ACM SIGKDD International Conference on Knowledge Discovery and Data Mining},
doi = {10.1145/2939672.2939874},
isbn = {978-1-45-034232-2},
month = {August},
pages = {1675--1684},
publisher = {ACM},
title = {{Interpretable decision sets: A joint framework for description and prediction}},
year = {2016}
}
@inproceedings{Pazzani:1997vp,
address = {Washington, DC, USA},
author = {Pazzani, M},
booktitle = {Proceedings of the First Federal Data Mining Conference and Exposition},
pages = {73--82},
title = {{Comprehensible knowledge discovery: gaining insight from data}},
year = {1997}
}
@article{Doderer:2006vt,
author = {Doderer, Mark and Yoon, Kihoon and Salinas, John and Kwek, Stephen},
issn = {1386-6338},
journal = {In Silico Biology},
keywords = {Blast,Decision tree,Error correcting output code,Similarity search,Subcellular localization prediction},
number = {5},
pages = {419--433},
title = {{Protein subcellular localization prediction using a hybrid of similarity search and Error-Correcting Output Code techniques that produces interpretable results}},
volume = {6},
year = {2006}
}
@book{Sheskin:2003tx,
address = {New York, NY, USA},
author = {Sheskin, David J},
doi = {10.4324/9780203489536},
publisher = {Chapman and Hall/CRC},
title = {{Handbook of Parametric and Nonparametric Statistical Procedures}},
year = {2004}
}
@inproceedings{Watson:2012uy,
address = {Seattle, WA, USA},
author = {Watson, Robert},
booktitle = {Proceedings of the 30th ACM International Conference on Design of Communication},
doi = {10.1145/2379057.2379112},
isbn = {978-1-45-031497-8},
keywords = {API,API reference documentation,Application programming interface,Software documentation,Software libraries},
month = {October},
pages = {295--302},
publisher = {ACM},
title = {{Development and application of a heuristic to assess trends in API documentation}},
year = {2012}
}
@inproceedings{LaForge:2018tm,
address = {London, England, UK},
author = {Laforge, Guillaume},
booktitle = {QCon},
howpublished = {$\backslash$url{\{}http://bit.ly/2S0xC1B{\}}},
month = {June},
pages = {1--58},
title = {{Machine Intelligence at Google Scale}},
year = {2018}
}
@article{boyd2018just,
author = {Boyd, Matt and Wilson, Nick},
doi = {10.1371/journal.pone.0194811},
issn = {1932-6203},
journal = {PLoS ONE},
number = {3},
pages = {e0194811},
publisher = {Public Library of Science},
title = {{Just ask Siri? A pilot study comparing smartphone digital assistants and laptop Google searches for smoking cessation advice}},
volume = {13},
year = {2018}
}
@inproceedings{Boz:2002uv,
address = {Edmonton, AB, Canada},
author = {Boz, Olcay},
booktitle = {Proceedings of the 8th ACM SIGKDD International Conference on Knowledge Discovery and Data Mining},
doi = {10.1145/775107.775113},
month = {July},
pages = {456--461},
publisher = {ACM},
title = {{Extracting decision trees from trained neural networks}},
year = {2002}
}
@misc{InternationalOrganizationforStandardization1986,
author = {{International Organization for Standardization}},
title = {{ISO 8402:1986 Information Technology - Software Product Evaluation - Quality Characteristics and Guidelines for Their Use}},
howpublished = {[Online] Available: \url{http://bit.ly/37SK4HP}},
year = {1986}
}
@article{McHugh:2012up,
author = {McHugh, Mary L},
doi = {10.11613/bm.2012.031},
issn = {1330-0962},
journal = {Biochemia Medica},
keywords = {Interrater,Kappa,Rater,Reliability},
number = {3},
pages = {276--282},
pmid = {23092060},
title = {{Interrater reliability: The kappa statistic}},
volume = {22},
year = {2012}
}
@inproceedings{Brandt:2009tm,
address = {Boston, MA, USA},
author = {Brandt, Joel and Guo, Philip J and Lewenstein, Joel and Dontcheva, Mira and Klemmer, Scott R},
booktitle = {Proceedings of the SIGCHI Conference on Human Factors in Computing System},
doi = {10.1145/1518701.1518944},
isbn = {978-1-60-558247-4},
keywords = {Copy-and-paste,Opportunistic programming,Prototyping},
month = {April},
pages = {1589--1598},
publisher = {ACM},
title = {{Two studies of opportunistic programming: Interleaving web foraging, learning, and writing code}},
year = {2009}
}
@inproceedings{Beyer:2018fm,
address = {Gothenburg, Sweden},
author = {Beyer, Stefanie and MacHo, Christian and Pinzger, Martin and {Di Penta}, Massimiliano},
booktitle = {Proceedings of the 26th International Conference on Program Comprehension},
doi = {10.1145/3196321.3196333},
isbn = {978-1-45-035714-2},
issn = {0270-5257},
month = {May},
pages = {211--221},
publisher = {ACM},
title = {{Automatically classifying posts into question categories on stack overflow}},
year = {2018}
}
@article{WordNetMiller1995,
address = {New York, NY, USA},
author = {Miller, George A},
doi = {10.1145/219717.219748},
issn = {1557-7317},
journal = {Communications of the ACM},
month = {November},
number = {11},
pages = {39--41},
publisher = {ACM},
title = {{WordNet: A Lexical Database for English}},
volume = {38},
year = {1995}
}
@article{Aghajani:2018et,
address = {Madrid, Spain},
author = {Aghajani, Emad and Nagy, Csaba and Bavota, Gabriele and Lanza, Michele},
doi = {10.1109/ICSME.2018.00012},
isbn = {978-1-53-867870-1},
journal = {Proceedings of the 34th International Conference on Software Maintenance and Evolution},
keywords = {Application Programming Interfaces (APIs),Empirical Study,Linguistic Antipatterns},
month = {September},
pages = {25--35},
publisher = {IEEE},
title = {{A Large-scale empirical study on linguistic antipatterns affecting apis}},
year = {2018}
}
@inproceedings{Cummaudo:2020icse,
address = {Seoul, Republic of Korea},
author = {Cummaudo, Alex and Vasa, Rajesh and Barnett, Scott and Grundy, John and Abdelrazek, Mohamed},
booktitle = {Proceedings of the 42nd International Conference on Software Engineering},
keywords = {InPress},
mendeley-tags = {InPress},
month = {May},
publisher = {IEEE},
title = {{Interpreting Cloud Computer Vision Pain-Points: A Mining Study of Stack Overflow}},
year = {2020}
}
@inproceedings{Allahyari:2011ud,
address = {Trondheim, Norway},
author = {Allahyari, Hiva and Lavesson, Niklas},
booktitle = {Proceedings of the 11th Scandinavian Conference on Artificial Intelligence},
doi = {10.3233/978-1-60750-754-3-11},
isbn = {978-1-60-750753-6},
issn = {0922-6389},
keywords = {Classification,evaluation,understandability},
month = {May},
pages = {11--19},
publisher = {IOS Press},
title = {{User-oriented assessment of classification model understandability}},
volume = {227},
year = {2011}
}
@inproceedings{Sen:1995uk,
address = {Montreal, QC, Canada},
author = {Sen, Sandip and Knight, Leslie},
booktitle = {Proceedings of the International Joint Conference on Artificial Intelligence},
month = {August},
pages = {725--733},
publisher = {Morgan Kaufmann},
title = {{A genetic prototype learner}},
year = {1995}
}
@article{Krizhevsky:2012wl,
author = {Krizhevsky, Alex and Sutskever, Ilya and Hinton, Geoffrey E},
doi = {10.1145/3065386},
issn = {1557-7317},
journal = {Communications of the ACM},
number = {6},
pages = {84--90},
title = {{ImageNet classification with deep convolutional neural networks}},
volume = {60},
year = {2017}
}
@article{Wohlin:2014jq,
author = {Wohlin, Claes and Aurum, Ayb{\"{u}}ke},
doi = {10.1007/s10664-014-9319-7},
issn = {1573-7616},
journal = {Empirical Software Engineering},
keywords = {Empirical software engineering research,Research design,Research methods,Selecting research method},
month = {May},
number = {6},
pages = {1427--1455},
title = {{Towards a decision-making structure for selecting a research design in empirical software engineering}},
volume = {20},
year = {2015}
}
@proceedings{Bai:2007tl,
address = {Medford, MA, USA},
author = {Bai, Xiaoying and Wang, Yongbo and Dai, Guilan and Tsai, Wei Tek and Chen, Yinong},
booktitle = {Proceedings of the 10th International Symposium of Component-Based Software Engineering},
doi = {10.1007/978-3-540-73551-9_18},
editor = {Schmidt, Heinz W and Crnkovic, Ivica and Heineman, George T and Stafford, Judith A},
isbn = {978-3-54-073550-2},
issn = {0302-9743},
keywords = {Contract-based,Verification and validation,Web services},
month = {July},
pages = {258--273},
publisher = {Springer},
title = {{A framework for contract-based collaborative verification and validation of Web services}},
year = {2007}
}
@misc{FileShad33:online,
note = {Accessed: 25 January 2019},
author = {BusinessWire},
month = {July},
title = {{FileShadow Delivers Machine Learning to End Users with Google Vision API | Business Wire}},
howpublished = {[Online] Available: \url{https://bwnews.pr/2O5qv78}},
year = {2018}
}
@article{Stevens:2013vf,
address = {San Francisco, CA, USA},
author = {Stevens, Ryan and Ganz, Jonathan and Filkov, Vladimir and Devanbu, Premkumar and Chen, Hao},
isbn = {978-1-46-732936-1},
journal = {Proceedings of the 10th Working Conference on Mining Software Repositories},
month = {May},
pages = {31--40},
publisher = {IEEE},
title = {{Asking for (and about) permissions used by Android apps}},
year = {2013}
}
@inproceedings{Garg:2011gw,
address = {Melbourne, Australia},
author = {Garg, Saurabh Kumar and Versteeg, Steve and Buyya, Rajkumar},
booktitle = {Proceedings of the 4th IEEE International Conference on Utility and Cloud Computing},
doi = {10.1109/UCC.2011.36},
isbn = {978-0-76-954592-9},
keywords = {Cloud Computing,Quality of Service,Service Measurement},
month = {December},
pages = {210--218},
publisher = {IEEE},
title = {{SMICloud: A framework for comparing and ranking cloud services}},
year = {2011}
}
@inproceedings{Abadi:2016vn,
address = {Savannah, GA, USA},
archivePrefix = {arXiv},
arxivId = {1605.08695},
author = {Abadi, Mart{\'{i}}n and Barham, Paul and Chen, Jianmin and Chen, Zhifeng and Davis, Andy and Dean, Jeffrey and Devin, Matthieu and Ghemawat, Sanjay and Irving, Geoffrey and Isard, Michael and Kudlur, Manjunath and Levenberg, Josh and Monga, Rajat and Moore, Sherry and Murray, Derek G and Steiner, Benoit and Tucker, Paul and Vasudevan, Vijay and Warden, Pete and Wicke, Martin and Yu, Yuan and Zheng, Xiaoqiang},
booktitle = {Proceedings of the 12th USENIX Symposium on Operating Systems Design and Implementation},
eprint = {1605.08695},
isbn = {978-1-93-197133-1},
pages = {265--283},
publisher = {ACM},
title = {{TensorFlow: A system for large-scale machine learning}},
year = {2016}
}
@article{Klein:1999uv,
author = {Klein, Heinz K and Myers, Michael D},
doi = {10.2307/249410},
issn = {0276-7783},
journal = {MIS Quarterly: Management Information Systems},
keywords = {Case study,Critical perspective,Ethnography,Field study,Hermeneutics,IS research methodologies,Interpretivist perspective},
number = {1},
pages = {67--94},
title = {{A set of principles for conducting and evaluating interpretive field studies in information systems}},
volume = {23},
year = {1999}
}
@article{Wettschereck:1997vw,
author = {Wettschereck, Dietrich and Aha, David W and Mohri, Takao},
doi = {10.1007/978-94-017-2053-3_11},
issn = {0269-2821},
journal = {Artificial Intelligence Review},
keywords = {Comparison,Feature weights,Lazy learning,k-nearest neighbor},
number = {1-5},
pages = {273--314},
title = {{A Review and Empirical Evaluation of Feature Weighting Methods for a Class of Lazy Learning Algorithms}},
volume = {11},
year = {1997}
}
@inproceedings{Kavaler:2013uh,
address = {Kyoto, Japan},
author = {Kavaler, David and Posnett, Daryl and Gibler, Clint and Chen, Hao and Devanbu, Premkumar and Filkov, Vladimir},
booktitle = {Proceedings of the 5th International Conference on Social Infomatics},
doi = {10.1007/978-3-319-03260-3_35},
editor = {Jatowt, Adam and Lim, Ee-Peng and Ding, Ying and Miura, Asako and Tezuka, Taro and Dias, Ga{\"{e}}l and Tanaka, Katsumi and Flanagin, Andrew and Dai, Bing Tian},
isbn = {978-3-31-903259-7},
issn = {0302-9743},
month = {November},
pages = {405--418},
publisher = {Springer},
title = {{Using and asking: APIs used in the Android market and asked about in StackOverflow}},
year = {2013}
}
@inproceedings{LinaresVasquez:2014vj,
address = {Hyderabad, India},
author = {Linares-V{\'{a}}squez, Mario and Bavota, Gabriele and {Di Penta}, Massimiliano and Oliveto, Rocco and Poshyvanyk, Denys},
booktitle = {Proceedings of the 22nd International Conference on Program Comprehension},
doi = {10.1145/2597008.2597155},
isbn = {978-1-45-032879-1},
keywords = {API Changes,Android,Social Media,StackOverflow},
month = {June},
pages = {83--94},
publisher = {ACM},
title = {{How do API changes trigger stack overflow discussions? A study on the android SDK}},
year = {2014}
}
@article{Michie:1994wi,
author = {{F. Elder} and Michie, Donald and Spiegelhalter, David J and Taylor, Charles C},
doi = {10.2307/2291432},
isbn = {978-0-13-106360-0},
issn = {0162-1459},
journal = {Journal of the American Statistical Association},
number = {433},
pages = {436--438},
title = {{Machine Learning, Neural, and Statistical Classification.}},
volume = {91},
year = {1996}
}
@article{THOMAS2014457,
author = {Thomas, Stephen W and Adams, Bram and Hassan, Ahmed E and Blostein, Dorothea},
doi = {10.1016/j.scico.2012.08.003},
issn = {0167-6423},
journal = {Science of Computer Programming},
keywords = {Latent Dirichlet allocation,Mining software repositories,Software evolution,Topic model},
number = {PART B},
pages = {457--479},
title = {{Studying software evolution using topic models}},
volume = {80},
year = {2014}
}
@book{Grunwald:2007vg,
author = {Gr{\"{u}}nwald, Peter D},
doi = {10.7551/mitpress/4643.001.0001},
publisher = {MIT press},
title = {{The Minimum Description Length Principle}},
year = {2019}
}
@book{Robbins:2014tr,
author = {Robbins, Stephen P},
edition = {14th},
isbn = {978-0-13-452470-2},
publisher = {Pearson},
title = {{Essentials of organizational behavior}},
year = {2017}
}
@inproceedings{Clark:1991vi,
address = {Porto, Portugal},
author = {Clark, Peter and Boswell, Robin},
booktitle = {Proceedings of the 1991 European Working Session on Learning},
doi = {10.1007/BFb0017011},
isbn = {978-3-54-053816-5},
issn = {1611-3349},
keywords = {CN2,Laplace,Learning,Noise,Rule induction},
month = {March},
pages = {151--163},
publisher = {Springer},
title = {{Rule induction with CN2: Some recent improvements}},
year = {1991}
}
@inproceedings{Petersen:2019ji,
address = {Ankara, Turkey},
author = {Petersen, Kai and Gencel, Cigdem},
booktitle = {Proceedings of the Joint Conference of the 23rd International Workshop on Software Measurement and the 8th International Conference on Software Process and Product Measurement},
doi = {10.1109/IWSM-Mensura.2013.22},
isbn = {978-0-76-955078-7},
month = {October},
pages = {81--89},
publisher = {IEEE},
title = {{Worldviews, research methods, and their relationship to validity in empirical software engineering research}},
year = {2013}
}
@misc{Finalyson:2018aa,
address = {Fredericksburg, VA, USA},
author = {Finalyson, Ian},
howpublished = {$\backslash$url{\{}http://bit.ly/319GOF9{\{}$\backslash${\%}{\}}0A{\}}},
publisher = {University of Mary Washington},
title = {{Nondeterministic Finite Automata}},
year = {2018}
}
@inproceedings{Ahasanuzzaman:2018kv,
address = {Campobasso, Italy},
author = {Ahasanuzzaman, Md and Asaduzzaman, Muhammad and Roy, Chanchal K and Schneider, Kevin A},
booktitle = {Proceedings of the 25th International Conference on Software Analysis, Evolution and Reengineering},
doi = {10.1109/SANER.2018.8330213},
isbn = {978-1-53-864969-5},
keywords = {API Issue,Stack Overflow,feature extraction,text classification,unstructured data mining},
month = {March},
pages = {244--254},
publisher = {IEEE},
title = {{Classifying stack overflow posts on API issues}},
volume = {2018-March},
year = {2018}
}
@misc{InternationalOrganizationforStandardization2011,
author = {{International Organization for Standardization}},
title = {{ISO/IEC 25010:2011 Systems and software engineering – Systems and software Quality Requirements and Evaluation (SQuaRE) – System and software quality models}},
howpublished = {[Online] Available: \url{http://bit.ly/2S4yzGs}},
year = {2011}
}
@inproceedings{Zhang:2008vfa,
address = {Nara, Japan},
author = {Zhang, Jing and Kasturi, Rangachar},
booktitle = {Proceedings of the 8th International Workshop on Document Analysis Systems},
doi = {10.1109/das.2008.49},
month = {September},
pages = {5--17},
publisher = {IEEE},
title = {{Extraction of Text Objects in Video Documents: Recent Progress}},
year = {2008}
}
@book{Crosby:1979uy,
author = {Crosby, Philip B},
isbn = {978-0-07-014512-2},
publisher = {McGraw-Hill},
title = {{Quality is free: The art of making quality certain}},
year = {1979}
}
@article{Reis:2018cp,
author = {Reis, Ars{\'{e}}nio and Paulino, Dennis and Filipe, Vitor and Barroso, Jo{\~{a}}o},
doi = {10.1007/978-3-319-77712-2_17},
isbn = {978-3-31-977711-5},
issn = {2194-5357},
journal = {Advances in Intelligent Systems and Computing},
keywords = {Assistive systems,Cognitive services,Human-computer interaction,Visually impaired},
number = {12},
pages = {174--184},
title = {{Using online artificial vision services to assist the blind - An assessment of Microsoft Cognitive Services and Google Cloud Vision}},
volume = {746},
year = {2018}
}
@article{Hohman2018VisualAI,
archivePrefix = {arXiv},
arxivId = {1801.06889},
author = {Hohman, Fred and Kahng, Minsuk and Pienta, Robert and Chau, Duen Horng},
doi = {10.1109/TVCG.2018.2843369},
eprint = {1801.06889},
issn = {1941-0506},
journal = {IEEE Transactions on Visualization and Computer Graphics},
keywords = {Deep learning,information visualization,neural networks,visual analytics},
number = {8},
pages = {2674--2693},
title = {{Visual Analytics in Deep Learning: An Interrogative Survey for the Next Frontiers}},
volume = {25},
year = {2019}
}
@article{Friedman:1997vs,
author = {Friedman, Nir and Geiger, Dan and Goldszmidt, Moises},
doi = {10.1002/9780470400531.eorms0099},
issn = {0885-6125},
journal = {Machine Learning},
keywords = {Bayesian networks,Classification},
number = {2-3},
pages = {131--163},
title = {{Bayesian Network Classifiers}},
volume = {29},
year = {1997}
}
@article{Singh:2016wu,
archivePrefix = {arXiv},
arxivId = {1611.07579},
author = {Singh, Sameer and Ribeiro, Marco Tulio and Guestrin, Carlos},
eprint = {1611.07579},
howpublished = {$\backslash$url{\{}http://arxiv.org/abs/1611.07579{\}}},
journal = {arXiv preprint arXiv:1611.07579},
month = {November},
title = {{Programs as Black-Box Explanations}},
year = {2016}
}
@article{Arnold:2005vc,
author = {Arnold, Ken},
doi = {10.1145/1071713.1071731},
issn = {1542-7749},
journal = {ACM Queue},
number = {5},
pages = {54--59},
title = {{Programmers are People, Too}},
volume = {3},
year = {2005}
}
@incollection{Seaman:2007wa,
author = {Seaman, Carolyn B},
booktitle = {Guide to Advanced Empirical Software Engineering},
chapter = {2},
month = {November},
pages = {35--62},
publisher = {Springer Science {\&} Business Media},
title = {{Qualitative methods}},
year = {2007}
}
@article{SiMergeSearchEngineResults,
address = {New York, NY, USA},
author = {Si, Luo and Callan, Jamie},
doi = {10.1145/944012.944017},
issn = {1046-8188},
journal = {ACM Transactions on Information Systems},
keywords = {Distributed information retrieval,Resource ranking,Resource selection,Results merging,Semisupervised learning method,Server selection},
month = {October},
number = {4},
pages = {457--491},
publisher = {ACM},
title = {{A semisupervised learning method to merge search engine results}},
volume = {21},
year = {2003}
}
@article{Kitchenham:2010wy,
author = {Kitchenham, Barbara A and Brereton, Pearl and Turner, Mark and Niazi, Mahmood K and Linkman, Stephen and Pretorius, Rialette and Budgen, David},
doi = {10.1007/s10664-010-9134-8},
issn = {1382-3256},
journal = {Empirical Software Engineering},
keywords = {Automated search,Broad search,Case study,Manual search,Mapping studies,Quality evaluation process,Systematic literature review,Targeted search},
number = {6},
pages = {618--653},
title = {{Refining the systematic literature review process-two participant-observer case studies}},
volume = {15},
year = {2010}
}
@article{Hallgren:2012kt,
author = {Hallgren, Kevin A},
doi = {10.20982/tqmp.08.1.p023},
issn = {1913-4126},
journal = {Tutorials in Quantitative Methods for Psychology},
month = {February},
number = {1},
pages = {23--34},
pmid = {22833776},
title = {{Computing Inter-Rater Reliability for Observational Data: An Overview and Tutorial}},
volume = {8},
year = {2012}
}
@article{Wickham:2010hy,
author = {Wickham, Hadley},
doi = {10.1198/jcgs.2009.07098},
issn = {1061-8600},
journal = {Journal of Computational and Graphical Statistics},
keywords = {Grammar of graphics,Statistical graphics},
month = {January},
number = {1},
pages = {3--28},
title = {{A Layered grammar of graphics}},
volume = {19},
year = {2010}
}
@inproceedings{Caruana:2015jk,
address = {Sydney, Australia},
author = {Caruana, Rich and Lou, Yin and Gehrke, Johannes and Koch, Paul and Sturm, Marc and Elhadad, No{\'{e}}mie},
booktitle = {Proceedings of the 21st ACM SIGKDD International Conference on Knowledge Discovery and Data Mining},
doi = {10.1145/2783258.2788613},
isbn = {978-1-45-033664-2},
keywords = {Additive models,Classification,Healthcare,Intelligibility,Interaction detection,Logistic regression,Risk prediction},
month = {August},
pages = {1721--1730},
publisher = {ACM},
title = {{Intelligible models for healthcare: Predicting pneumonia risk and hospital 30-day readmission}},
volume = {2015-Augus},
year = {2015}
}
@article{Baehrens:2010tj,
archivePrefix = {arXiv},
arxivId = {0912.1128},
author = {Baehrens, David and Schroeter, Timon and Harmeling, Stefan and Kawanabe, Motoaki and Hansen, Katja and M{\"{u}}ller, Klaus Robert},
eprint = {0912.1128},
issn = {1532-4435},
journal = {Journal of Machine Learning Research},
keywords = {Ames mutagenicity,Black box model,Explaining,Kernel methods,Nonlinear},
number = {Jun},
pages = {1803--1831},
title = {{How to explain individual classification decisions}},
volume = {11},
year = {2010}
}
@inproceedings{Cummaudo:2019esem,
address = {Porto de Galinhas, Recife, Brazil},
archivePrefix = {arXiv},
arxivId = {1907.13260},
author = {Cummaudo, Alex and Vasa, Rajesh and Grundy, John},
booktitle = {Proceedings of the 13th International Symposium on Empirical Software Engineering and Measurement},
doi = {10.1109/ESEM.2019.8870148},
eprint = {1907.13260},
isbn = {978-1-72-812968-6},
issn = {1949-3789},
keywords = {API,DevX,documentation,systematic mapping study,taxonomy},
month = {October},
pages = {1--6},
publisher = {IEEE},
title = {{What should I document? A preliminary systematic mapping study into API documentation knowledge}},
year = {2019}
}
@inproceedings{Garousi:2017:EGE:3084226.3084238,
address = {Karlskrona, Sweden},
author = {Garousi, Vahid and Felderer, Michael},
booktitle = {Proceedings of the 21st International Conference on Evaluation and Assessment in Software Engineering},
doi = {10.1145/3084226.3084238},
isbn = {978-1-45-034804-1},
keywords = {Data extraction,Empirical software engineering,Research methodology,SLR,SM,Systematic literature reviews,Systematic mapping studies},
month = {June},
pages = {170--179},
publisher = {ACM},
title = {{Experience-based guidelines for effective and efficient data extraction in systematic reviews in software engineering}},
volume = {Part F1286},
year = {2017}
}
@article{Rosen:2016uk,
author = {Rosen, Christoffer and Shihab, Emad},
doi = {10.1007/s10664-015-9379-3},
issn = {1573-7616},
journal = {Empirical Software Engineering},
keywords = {Mobile issues,Mobile software development,Stack overflow},
number = {3},
pages = {1192--1223},
title = {{What are mobile developers asking about? A large scale study using stack overflow}},
volume = {21},
year = {2016}
}
@book{Judd:1991ug,
author = {Judd, C M and Smith, E R and Kidder, L H},
editor = {Kidder, L H},
isbn = {978-0-03-031149-9},
publisher = {Holt, Rinehart, and Winston},
title = {{Research Methods in Social Relations}},
year = {1991}
}
@article{Kononenko:1993td,
author = {Kononenko, Igor},
doi = {10.1080/08839519308949993},
issn = {1087-6545},
journal = {Applied Artificial Intelligence},
number = {4},
pages = {317--337},
title = {{Inductive and bayesian learning in medical diagnosis}},
volume = {7},
year = {1993}
}
@article{Baruch:1999vf,
author = {Baruch, Yehuda},
doi = {10.1177/001872679905200401},
issn = {0018-7267},
journal = {Human Relations},
keywords = {Empirical studies,Questionnaires,Research methods,Response rate,Return rate},
number = {4},
pages = {421--438},
title = {{Response rate in academic studies - A comparative analysis}},
volume = {52},
year = {1999}
}
@article{Baesens:2003we,
address = {Angers, France},
author = {Baesens, Bart and Mues, Christophe and {De Backer}, Manu and Vanthienen, Jan and Setiono, Rudy},
doi = {10.1007/1-4020-2673-0_15},
isbn = {9-72-988161-8},
journal = {Proceedings of the 5th International Conference on Enterprise Information Systems},
month = {April},
pages = {19--25},
publisher = {IEEE},
title = {{Building intelligent credit scoring systems using decision tables}},
volume = {2},
year = {2003}
}
@misc{Ballinger:2014aa,
note = {Accessed: 28 August 2018},
author = {Ballinger, Keith},
month = {December},
title = {{Simplicity and Utility, or, Why SOAP Lost}},
howpublished = {[Online] Available: \url{http://bit.ly/37vLms0}},
year = {2014}
}
@inproceedings{Suri:2007wl,
address = {Warsaw, Poland},
author = {{Rama Suri}, N and Srinivas, V S and {Narasimha Murty}, M},
booktitle = {Proceedings of the 11th European Conference on Principles and Practice of Knowledge Discovery in Databases},
doi = {10.1007/978-3-540-74976-9_58},
isbn = {978-3-54-074975-2},
issn = {0302-9743},
month = {September},
pages = {556--564},
publisher = {Springer},
title = {{A cooperative game theoretic approach to prototype selection}},
volume = {4702 LNAI},
year = {2007}
}
