@misc{AWS:DetectLabel,
title = {{Detecting Labels in an Image}},
howpublished = {\url{https://amzn.to/2TBNtTa}},
note = {Accessed: 28 August 2018},
year = {2018}
}
@misc{AWS:DetectObjScene,
title = {{Detecting Objects and Scenes}},
howpublished = {\url{https://amzn.to/2TDed5V}},
note = {Accessed: 28 August 2018},
year = {2018}
}
@misc{AWS:JavaSDK,
title = {{Label (AWS SDK for Java - 1.11.401)}},
howpublished = {\url{https://amzn.to/2Tzx0z2}},
note = {Accessed: 28 August 2018},
year = {2018}
}
@misc{AWS:GenSDK,
title = {{Label - Amazon Rekognition}},
howpublished = {\url{https://amzn.to/2TCeWEl}},
note = {Accessed: 28 August 2018},
year = {2018}
}
@misc{Google:DotNet,
title = {{Class EntityAnnotation | Google.Cloud.Vision.V1}},
howpublished = {\url{http://bit.ly/2TD5fpg}},
note = {Accessed: 28 August 2018},
year = {2018}
}
@misc{Google:DocsLabel,
title = {{Detect Labels | Google Cloud Vision API Documentation | Google Cloud}},
howpublished = {\url{http://bit.ly/2TD5kcy}},
note = {Accessed: 28 August 2018},
year = {2018}
}
@misc{Azure:HowToCall,
title = {{How to call the Computer Vision API}},
howpublished = {\url{http://bit.ly/2TD5oJk}},
note = {Accessed: 28 August 2018},
year = {2018}
}
@misc{Azure:WhatIs,
title = {{What is Computer Vision?}},
howpublished = {\url{http://bit.ly/2TDgUnU}},
note = {Accessed: 28 August 2018},
year = {2018}
}
@misc{Azure:JavaDocs,
title = {{azure-sdk-for-java/ImageTag.java}},
howpublished = {\url{http://bit.ly/2TygTS9}},
note = {Accessed: 28 August 2018},
year = {2018}
}
@misc{AWS:ConfidenceScoreJavaSDK,
title = {{Label (AWS SDK for Java - 1.11.401)}},
howpublished = {\url{https://amzn.to/2Tzx0z2}},
note = {Accessed: 28 August 2018},
year = {2018}
}
@misc{Azure:ConfidenceScoreJavaDocs,
title = {{azure-sdk-for-java/ImageTag.java}},
howpublished = {\url{http://bit.ly/38IDPWU}},
note = {Accessed: 28 August 2018},
year = {2018}
}
@misc{GoogleCloud:ToS,
title = {{Google Cloud Platform Terms of Service  |  Google Cloud Platform Terms  |  Google Cloud}},
howpublished = {\url{http://bit.ly/2U0ShXq}},
year = {2018}
}
