@misc{StackOverflow:Issue3,
author = {{Stack Overflow User \#8067236 `Josh Flori'}},
title = {{Stack Overflow: Google vision api: what do web detection scores indicate?}},
howpublished = {\url{http://bit.ly/2TChIcw}},
note = {Accessed: 28 August 2018},
year = {2018}
}
@misc{StackOverflow:Issue4,
author = {{Stack Overflow User \#3784208 `Milky'}},
title = {{Stack Overflow: Validation of adding face to person group}},
howpublished = {\url{http://bit.ly/2TygVcJ}},
note = {Accessed: 28 August 2018}
}
@misc{StackOverflow:Issue5,
author = {{Stack Overflow User \#2577465 `mohitmun'}},
title = {{Stack Overflow: What is default threshold for Microsoft face api?}},
howpublished = {\url{http://bit.ly/2TD5HUu}},
note = {Accessed: 28 August 2018},
year = {2018}
}
@misc{GitHub:Issue1,
author = {{GitHub User \@mik115}},
title = {{GitHub Issues: Vision api imageProperties dominant color score meaning}},
howpublished = {\url{http://bit.ly/2TBV9or}},
note = {Accessed: 28 August 2018},
year = {2018}
}
@misc{GitHub:Issue2,
author = {{GitHub User \@ericleigh007}},
title = {{GitHub Issues: Please add Min density, resolution, etc for good OCR for each applicable API}},
howpublished = {\url{http://bit.ly/2TChJgA}},
note = {Accessed: 28 August 2018},
year = {2018}
}
@misc{SOLink:36655630,
author = {{Stack Overflow User \#6210900 `Mike Grommet'}},
year = {2019},
note = {Accessed: 22 June 2019},
title = {{Are the Cloud Vision API limits in documentation correct?}},
howpublished = {\url{http://bit.ly/31SsNLg}}
}
@misc{SOLink:38363182,
author = {{Stack Overflow User \#2521469 `Hillary Sanders'}},
year = {2019},
note = {Accessed: 22 June 2019},
title = {{Is there a full list of potential labels that Google's Vision API will return?}},
howpublished = {\url{http://bit.ly/2KNnJSB}}
}
@misc{SOLink:38634409,
author = {{Stack Overflow User \#6649145 `I. Sokolyk'}},
year = {2019},
note = {Accessed: 22 June 2019},
title = {{How to get a position of custom object on image using vision recognition api}},
howpublished = {\url{http://bit.ly/3210Q49}}
}
@misc{SOLink:38860919,
author = {{Stack Overflow User \#2604150 `user2604150'}},
year = {2019},
note = {Accessed: 22 June 2019},
title = {{Google Vision Accent Character Set NodeJs}},
howpublished = {\url{http://bit.ly/31TsVdp}}
}
@misc{SOLink:39071341,
author = {{Stack Overflow User \#1453704 `deeptimancode'}},
year = {2019},
note = {Accessed: 22 June 2019},
title = {{Human body part detection in Android}},
howpublished = {\url{http://bit.ly/31T5pxd}}
}
@misc{SOLink:39540741,
author = {{Stack Overflow User \#6841211 `NigelJL'}},
year = {2019},
note = {Accessed: 22 June 2019},
title = {{Google Cloud Vision - Numbers and Numerals OCR}},
howpublished = {\url{http://bit.ly/31P07mi}}
}
@misc{SOLink:41166264,
author = {{Stack Overflow User \#1008563 `samiles'}},
year = {2019},
note = {Accessed: 22 June 2019},
title = {{AWS Rekognition PHP SDK gives invalid image encoding error}},
howpublished = {\url{http://bit.ly/31Sgpec}}
}
@misc{SOLink:42391009,
author = {{Stack Overflow User \#7604576 `Alagappan Narayanan'}},
year = {2019},
note = {Accessed: 22 June 2019},
title = {{Text extraction - line-by-line}},
howpublished = {\url{http://bit.ly/31Yc21s}}
}
@misc{SOLink:43249555,
author = {{Stack Overflow User \#738248 `lavuy'}},
year = {2019},
note = {Accessed: 22 June 2019},
title = {{Meaning of score in Microsoft Cognitive Service's Entity Linking API}},
howpublished = {\url{http://bit.ly/2TD9vVw}}
}
@misc{SOLink:44740363,
author = {{Stack Overflow User \#8210103 `Cosmin-Ioan Leferman'}},
year = {2019},
note = {Accessed: 22 June 2019},
title = {{Google Vision API text detection strange behaviour - Javascript}},
howpublished = {\url{http://bit.ly/31Ucyxi}}
}
@misc{SOLink:45260779,
author = {{Stack Overflow User \#7692297 `1lucas'}},
year = {2019},
note = {Accessed: 22 June 2019},
title = {{Can Google Cloud Vision generate labels in Spanish via its API?}},
howpublished = {\url{http://bit.ly/31UcBsY}}
}
@misc{SOLink:45313874,
author = {{Stack Overflow User \#2251258 `James Dorfman'}},
year = {2019},
note = {Accessed: 22 June 2019},
title = {{All GoogleVision label possibilities?}},
howpublished = {\url{http://bit.ly/31R4FZi}}
}
@misc{SOLink:45484524,
author = {{Stack Overflow User \#8411506 `AsSportac'}},
year = {2019},
note = {Accessed: 22 June 2019},
title = {{How can we find an exhaustive list (or graph) of all logos which are effectively recognized using Google Vision logo detection feature?}},
howpublished = {\url{http://bit.ly/31Z27IX}}
}
@misc{SOLink:47563346,
author = {{Stack Overflow User \#4748115 `Latifa Al-jiffry'}},
year = {2019},
note = {Accessed: 22 June 2019},
title = {{similar face recognition using google cloud vision API in android studio}},
howpublished = {\url{http://bit.ly/31WhMZy}}
}
@misc{SOLink:47614963,
author = {{Stack Overflow User \#5809351 `J.Doe'}},
year = {2019},
note = {Accessed: 22 June 2019},
title = {{How to confidently validate object detection results returned from Google Cloud Vision}},
howpublished = {\url{http://bit.ly/31UcCNy}}
}
@misc{SOLink:48846121,
author = {{Stack Overflow User \#7896427 `David mark'}},
year = {2019},
note = {Accessed: 22 June 2019},
title = {{Google Api Vision, ""before\_request"" error}},
howpublished = {\url{http://bit.ly/31Z27Zt}}
}
@misc{SOLink:49386572,
author = {{Stack Overflow User \#7219743 `Davide Biraghi'}},
year = {2019},
note = {Accessed: 22 June 2019},
title = {{Google Vision API does not recognize single digits}},
howpublished = {\url{http://bit.ly/31Ws1Nj}}
}
@misc{SOLink:50764331,
author = {{Stack Overflow User \#5294761 `Eury Pérez Beltré'}},
year = {2019},
note = {Accessed: 22 June 2019},
title = {{Specify language for response in Google Cloud Vision API}},
howpublished = {\url{http://bit.ly/31SsUGG}}
}
@misc{SOLink:51142340,
author = {{Stack Overflow User \#7064840 `Josh'}},
year = {2019},
note = {Accessed: 22 June 2019},
title = {{Google Cloud Vision fails at batch annotate images. Getting Netty Shaded ClosedChannelException error}},
howpublished = {\url{http://bit.ly/31UrBH9}}
}
@misc{SOLink:51273104,
author = {{Stack Overflow User \#3565255 `CSquare'}},
year = {2019},
note = {Accessed: 22 June 2019},
title = {{Vision API topicality and score always the same}},
howpublished = {\url{http://bit.ly/2TD5As2}}
}
@misc{SOLink:51561234,
author = {{Stack Overflow User \#174602 `geekyaleks'}},
year = {2019},
note = {Accessed: 22 June 2019},
title = {{aws Rekognition not initializing on iOS}},
howpublished = {\url{http://bit.ly/31UeqG9}}
}
@misc{SOLink:52046473,
author = {{Stack Overflow User \#8594124 `God Himself'}},
year = {2019},
note = {Accessed: 22 June 2019},
title = {{How to set up AWS mobile SDK in iOS project in Xcode}},
howpublished = {\url{http://bit.ly/31St2pE}}
}
@misc{SOLink:52746720,
author = {{Stack Overflow User \#4852910 `Gaurav Mathur'}},
year = {2019},
note = {Accessed: 22 June 2019},
title = {{Amazon Rekognition Image caption}},
howpublished = {\url{http://bit.ly/31P08qm}}
}
@misc{SOLink:53585778,
author = {{Stack Overflow User \#10729564 `gabgob'}},
year = {2019},
note = {Accessed: 22 June 2019},
title = {{Multiple Google Vision OCR requests at once?}},
howpublished = {\url{http://bit.ly/31P09dU}}
}
@misc{SOLink:53591219,
author = {{Stack Overflow User \#9006896 `Dexter Intelligence'}},
year = {2019},
note = {Accessed: 22 June 2019},
title = {{Getting wrong text sequence when image scanned by offline google mobile vision API}},
howpublished = {\url{http://bit.ly/31Sgr5O}}
}
@misc{SOLink:40346408,
author = {{Stack Overflow User \#549312 `GroovyDotCom'}},
year = {2019},
note = {Accessed: 22 June 2019},
title = {{Image Selection for Training Visual Recognition}},
howpublished = {\url{http://bit.ly/31W8lcw}}
}
@misc{SOLink:40714481,
author = {{Stack Overflow User \#7187987 `tuanars10'}},
year = {2019},
note = {Accessed: 22 June 2019},
title = {{Adding a local path to Microsoft Face API by Python}},
howpublished = {\url{http://bit.ly/2KLeMt3}}
}
@misc{SOLink:46244980,
author = {{Stack Overflow User \#3092947 `Mark Bench'}},
year = {2019},
note = {Accessed: 22 June 2019},
title = {{Google Cloud Vision OCR API returning incorrect values for bounding box/vertices}},
howpublished = {\url{http://bit.ly/31UeZjf}}
}
@misc{SOLink:47671289,
author = {{Stack Overflow User \#5844927 `Amit Pawar'}},
year = {2019},
note = {Accessed: 22 June 2019},
title = {{Google cloud Vision and Clarifai doesn't Support tagging for 360 degree images and videos}},
howpublished = {\url{http://bit.ly/31StuEm}}
}
@misc{SOLink:44304400,
author = {{Stack Overflow User \#5924523 `Akash Dathan'}},
year = {2019},
note = {Accessed: 22 June 2019},
title = {{Can i give aspect ratio in Google Vision api?}},
howpublished = {\url{http://bit.ly/2KSJwsp}}
}
@misc{SOLink:55037756,
author = {{Stack Overflow User \#9913535 `Sahil Mehra'}},
year = {2019},
note = {Accessed: 22 June 2019},
title = {{Google Vision API: ModuleNotFoundError: module not found 'google.oauth2'}},
howpublished = {\url{http://bit.ly/31VlZfU}}
}
@misc{SOLink:56224197,
author = {{Stack Overflow User \#10318601 `reza naderii'}},
year = {2019},
note = {Accessed: 22 June 2019},
title = {{google cloud vision category detecting}},
howpublished = {\url{http://bit.ly/31Uf32t}}
}
