
@misc{AmazonRe55:online,
author = {{Amazon Web Services, Inc.}},
title = {Amazon Rekognition | AWS Machine Learning Blog},
howpublished = {\url{https://go.aws/37Q7lKc}},
month = {},
year = {2019},
note = {Accessed: 18 March 2019}
}

@misc{Tutorial42:online,
author = {{Microsoft Corporation}},
title = {Tutorial: Generate metadata for Azure images - Azure Cognitive Services | Microsoft Docs},
howpublished = {\url{http://bit.ly/2RRnARK}},
month = {},
year = {2019},
note = {Accessed: 18 March 2019}
}

@misc{Tutorial6:online,
author = {{Microsoft Corporation}},
title = {Tutorial: Use custom logo detector to recognize Azure services - Custom Vision - Azure Cognitive Services | Microsoft Docs},
howpublished = {\url{http://bit.ly/2RUGwPH}},
month = {},
year = {2019},
note = {Accessed: 18 March 2019}
}

@misc{GitHubAz56:online,
author = {{Microsoft Corporation}},
title = {GitHub - Azure-Samples/cognitive-services-java-computer-vision-tutorial: This tutorial shows the features of the Microsoft Cognitive Services Computer Vision REST API.},
howpublished = {\url{http://bit.ly/37N1yoN}},
month = {},
year = {2019},
note = {Accessed: 18 March 2019}
}

@misc{GettingS87:online,
author = {{Amazon Web Services, Inc.}},
title = {Getting Started with Amazon Rekognition - Amazon Rekognition},
howpublished = {\url{https://amzn.to/37PJlXO}},
month = {},
year = {2019},
note = {Accessed: 18 March 2019}
}

@misc{Exercise86:online,
author = {{Amazon Web Services, Inc.}},
title = {Exercise 1: Detect Objects and Scenes in an Image (Console) - Amazon Rekognition},
howpublished = {\url{https://amzn.to/36TkLnm}},
month = {},
year = {2019},
note = {Accessed: 18 March 2019}
}

@misc{JavaSDKV25:online,
author = {{Amazon Web Services, Inc.}},
title = {Java (SDK V1) Code Samples for Amazon Rekognition - AWS Code Sample},
howpublished = {\url{https://amzn.to/2ugTle3}},
month = {},
year = {2019},
note = {Accessed: 18 March 2019}
}

@misc{SampleAp41:online,
author = {{Google LLC}},
title = {Sample Applications  |  Cloud Vision API Documentation  |  Google Cloud},
howpublished = {\url{http://bit.ly/2SdoB5r}},
month = {},
year = {2019},
note = {Accessed: 18 March 2019}
}


@misc{SampleEx87:online,
author = {{Microsoft Corporation}},
title = {Sample: Explore an image processing app in C\# - Azure Cognitive Services | Microsoft Docs},
howpublished = {\url{http://bit.ly/2u4mPMh}},
month = {},
year = {2019},
note = {Accessed: 18 March 2019}
}

@misc{Bestprac23:online,
author = {{Google LLC}},
title = {Best practices for enterprise organizations  |  Documentation  |  Google Cloud},
howpublished = {\url{http://bit.ly/2v0RSs5}},
month = {},
year = {2019},
note = {Accessed: 18 March 2019}
}

@misc{TipsTric26:online,
author = {{Google LLC}},
title = {Tips \& Tricks  |  Cloud Functions Documentation  |  Google Cloud},
howpublished = {\url{http://bit.ly/2GZNc8Z}},
month = {},
year = {2019},
note = {Accessed: 18 March 2019}
}

@misc{Improvin23:online,
author = {{Microsoft Corporation}},
title = {Improving your classifier - Custom Vision Service - Azure Cognitive Services | Microsoft Docs},
howpublished = {\url{http://bit.ly/37SBkRQ}},
month = {},
year = {2019},
note = {Accessed: 18 March 2019}
}

@misc{BestPrac58:online,
author = {{Amazon Web Services, Inc.}},
title = {Best Practices for Sensors, Input Images, and Videos - Amazon Rekognition},
howpublished = {\url{https://amzn.to/2uZlWo0}},
month = {},
year = {2019},
note = {Accessed: 18 March 2019}
}

@misc{Quicksta92:online,
author = {{Google LLC}},
title = {Quickstart: Using Client Libraries  |  Cloud Vision API Documentation  |  Google Cloud},
howpublished = {\url{http://bit.ly/2RRMQHG}},
month = {},
year = {2019},
note = {Accessed: 18 March 2019}
}

@misc{Quicksta70:online,
author = {{Microsoft Corporation}},
title = {Quickstart: Computer Vision client library for .NET - Azure Cognitive Services | Microsoft Docs},
howpublished = {\url{http://bit.ly/2vF3wJC}},
month = {},
year = {2019},
note = {Accessed: 18 March 2019}
}

@misc{AmazonRe70:online,
author = {{Amazon Web Services, Inc.}},
title = {Amazon Rekognition Image},
howpublished = {\url{https://go.aws/2ubB6qc}},
month = {},
year = {2019},
note = {Accessed: 18 March 2019}
}

@misc{ActionsA39:online,
author = {{Amazon Web Services, Inc.}},
title = {Actions - Amazon Rekognition},
howpublished = {\url{https://amzn.to/392p3dH}},
month = {},
year = {2019},
note = {Accessed: 18 March 2019}
}

@misc{WhatisCo90:online,
author = {{Microsoft Corporation}},
title = {What is Computer Vision? - Computer Vision - Azure Cognitive Services | Microsoft Docs},
howpublished = {\url{http://bit.ly/37SomDx}},
month = {},
year = {2019},
note = {Accessed: 18 March 2019}
}

@misc{VisionAI32:online,
author = {{Google LLC}},
title = {Vision AI | Derive Image Insights via ML  |  Cloud Vision API  |  Google Cloud},
howpublished = {\url{http://bit.ly/31nWoNx}},
month = {},
year = {2019},
note = {Accessed: 18 March 2019}
}

@misc{CalltheC0:online,
author = {{Microsoft Corporation}},
title = {Call the Computer Vision API - Azure Cognitive Services | Microsoft Docs},
howpublished = {\url{http://bit.ly/2vHSdjT}},
month = {},
year = {2019},
note = {Accessed: 18 March 2019}
}

@misc{AWSRelea46:online,
author = {{Amazon Web Services, Inc.}},
title = {AWS Release Notes},
howpublished = {\url{https://go.aws/2v0RYjr}},
month = {},
year = {2019},
note = {Accessed: 18 March 2019}
}

@misc{Step1Set76:online,
author = {{Amazon Web Services, Inc.}},
title = {Step 1: Set Up an AWS Account and Create an IAM User - Amazon Rekognition},
howpublished = {\url{https://amzn.to/2tqW4kI}},
month = {},
year = {2019},
note = {Accessed: 18 March 2019}
}

@misc{ReleaseN91:online,
author = {{Google LLC}},
title = {Release Notes  |  Cloud Vision API Documentation  |  Google Cloud},
howpublished = {\url{http://bit.ly/2UipY5J}},
month = {},
year = {2019},
note = {Accessed: 18 March 2019}
}

@misc{ReleaseN4:online,
author = {{Microsoft Corporation}},
title = {Release Notes - Custom Vision Service - Azure Cognitive Services | Microsoft Docs},
howpublished = {\url{http://bit.ly/2UlPiaW}},
month = {},
year = {2019},
note = {Accessed: 18 March 2019}
}

@misc{Limitsin66:online,
author = {{Amazon Web Services, Inc.}},
title = {Limits in Amazon Rekognition - Amazon Rekognition},
howpublished = {\url{https://amzn.to/2On6n0h}},
month = {},
year = {2019},
note = {Accessed: 18 March 2019}
}

@misc{PricingC2:online,
author = {{Microsoft Corportation}},
title = {Pricing - Computer Vision API | Microsoft Azure},
howpublished = {\url{http://bit.ly/2S5tEEY}},
month = {},
year = {2019},
note = {Accessed: 18 March 2019}
}

@misc{Contentt49:online,
author = {{Microsoft Corporation}},
title = {Content tags - Computer Vision - Azure Cognitive Services | Microsoft Docs},
howpublished = {\url{http://bit.ly/2vESzHX}},
month = {},
year = {2019},
note = {Accessed: 18 March 2019}
}

@misc{MachineL36:online,
author = {{Google LLC}},
title = {Machine Learning Glossary  |  Google Developers},
howpublished = {\url{http://bit.ly/3b38VdL}},
month = {},
year = {2019},
note = {Accessed: 18 March 2019}
}

@misc{Troubles2:online,
author = {{Amazon Web Services, Inc.}},
title = {Troubleshooting Amazon Rekognition Video - Amazon Rekognition},
howpublished = {\url{https://amzn.to/3b763fS}},
month = {},
year = {2019},
note = {Accessed: 18 March 2019}
}
