@misc{Dataset:Large,
howpublished = {\url{http://bit.ly/2KlyhcD}},
note = {Accessed: 27 March 2019},
year = {2019}
}
@misc{Results:RawData,
howpublished = {\url{http://bit.ly/2G5ZEEe}},
note = {Accessed: 27 March 2019},
year = {2019}
}
@misc{Results:AnalysisCalculation,
howpublished = {\url{http://bit.ly/2G7saFJ}},
note = {Accessed: 27 March 2019},
year = {2019}
}
@misc{Tooling:Scraper,
howpublished = {\url{http://bit.ly/2G6ZOeC}},
note = {Accessed: 27 March 2019},
year = {2019}
}
@misc{Results:InconsistenciesSmall,
howpublished = {\url{http://bit.ly/2HTl4Wq}},
note = {Accessed: 27 March 2019},
year = {2019}
}
@misc{Results:InconsistenciesLarge,
howpublished = {\url{http://bit.ly/2uBImbr}},
note = {Accessed: 27 March 2019},
year = {2019}
}
@misc{Results:InconsistenciesCOCOVal17,
howpublished = {\url{http://bit.ly/2uxjC4s}},
note = {Accessed: 27 March 2019},
year = {2019}
}
@misc{SupplementaryMaterials,
title = {{ICSE 2020 Submission \#564 Supplementary Materials}},
howpublished = {\url{http://bit.ly/2Z8zOKW}},
year = {2019}
}
@misc{OpenImag40:online,
author = {},
title = {{Open Images Dataset V4}},
howpublished = {\url{http://bit.ly/2Ry2vvF}},
month = {},
year = {2019},
note = {Accessed: 9 November 2018}
}
