% iAPIs Websites & Documentation
@misc{GoogleCloud:Home,
  title = {{Vision API - Image Content Analysis  |  Cloud Vision API  |  Google Cloud}},
  howpublished = {\url{http://bit.ly/2TD9mBs}},
  note = {Accessed: 13 September 2018}
}

@misc{GoogleCloud:ToS,
  title = {{Google Cloud Platform Terms of Service  |  Google Cloud Platform Terms  |  Google Cloud}},
  howpublished = {\url{http://bit.ly/2U0ShXq}},
  note = {Accessed: 28 August 2018}
}

@misc{Azure:Home,
  title = {{Image Processing with the Computer Vision API | Microsoft Azure}},
  howpublished = {\url{http://bit.ly/2YqhkS6}},
  note = {Accessed: 13 September 2018}
}

@misc{AWS:Home,
  title = {{Amazon Rekognition}},
  howpublished = {\url{https://amzn.to/2TyT2BL}},
  note = {Accessed: 13 September 2018}
}

@misc{Pixlab:Home,
  title = {Detecting Labels in an Image},
  howpublished = {\url{http://bit.ly/2UlkW9K}},
  note = {Accessed: 13 September 2018}
}

@misc{IBM:Home,
  title = {Watson Visual Recognition},
  howpublished = {\url{https://ibm.co/2TBNIO4}},
  note = {Accessed: 13 September 2018}
}

@misc{Cloudsight:Home,
  title = {{Image Recognition API \& Visual Search Results}},
  howpublished = {\url{http://bit.ly/2UmNPCw}},
  note = {Accessed: 13 September 2018}
}

@misc{Clarifai:Home,
  title = {Clarifai},
  howpublished = {\url{http://bit.ly/2TB3kSa}},
  note = {Accessed: 13 September 2018}
}

@misc{DeepAI:Home,
  title = {{Image Recognition API | DeepAI}},
  howpublished = {\url{http://bit.ly/2TBNYgf}},
  note = {Accessed: 26 September 2018}
}

@misc{Imagaa:Home,
  title = {Imagga - powerful image recognition APIs for automated categorization \& tagging in the cloud and on-premises},
  howpublished = {\url{http://bit.ly/2TxsyRe}},
  note = {Accessed: 13 September 2018}
}

@misc{Talkwaler:Home,
  title = {Image Recognition - Talkwalker},
  howpublished = {\url{http://bit.ly/2TyT7W5}},
  note = {Accessed: 13 September 2018}
}

@misc{Megvii:Home,
  title = {Megvii},
  howpublished = {\url{http://bit.ly/2WJYFzk}},
  note = {Accessed: 3 April 2019}
}

@misc{TupuTech:Home,
  title = {TupuTech},
  howpublished = {\url{http://bit.ly/2uF4IsN}},
  note = {Accessed: 3 April 2019}
}

@misc{YiTuTech:Home,
  title = {Yitu Technology},
  howpublished = {\url{http://bit.ly/2uGvxgf}},
  note = {Accessed: 3 April 2019}
}

@misc{SenseTime:Home,
  title = {SenseTime},
  howpublished = {\url{http://bit.ly/2WH6RjF}},
  note = {Accessed: 3 April 2019}
}

@misc{DeepGlint:Home,
  title = {DeepGlint},
  howpublished = {\url{http://bit.ly/2uHHdPS}},
  note = {Accessed: 3 April 2019}
}


% CV iAPI services doc
@misc{AWS:DetectLabel,
  title = {Detecting Labels in an Image},
  howpublished = {\url{https://amzn.to/2TBNtTa}},
  note = {Accessed: 28 August 2018}
}

@misc{AWS:DetectObjScene,
  title = {Detecting Objects and Scenes},
  howpublished = {\url{https://amzn.to/2TDed5V}},
  note = {Accessed: 28 August 2018}
}

@misc{AWS:JavaSDK,
  title = {{Label (AWS SDK for Java - 1.11.401)}},
  howpublished = {\url{https://amzn.to/2Tzx0z2}},
  note = {Accessed: 28 August 2018}
}

@misc{AWS:GenSDK,
  title = {{Label - Amazon Rekognition}},
  howpublished = {\url{https://amzn.to/2TCeWEl}},
  note = {Accessed: 28 August 2018}
}

@misc{Google:DotNet,
  title = {{Class EntityAnnotation | Google.Cloud.Vision.V1}},
  howpublished = {\url{http://bit.ly/2TD5fpg}},
  note = {Accessed: 28 August 2018}
}

@misc{Google:DocsLabel,
  title = {{Detect Labels | Google Cloud Vision API Documentation | Google Cloud}},
  howpublished = {\url{http://bit.ly/2TD5kcy}},
  note = {Accessed: 28 August 2018}
}

@misc{Azure:HowToCall,
  title = {{How to call the Computer Vision API}},
  howpublished = {\url{http://bit.ly/2TD5oJk}},
  note = {Accessed: 28 August 2018}
}

@misc{Azure:WhatIs,
  title = {{What is Computer Vision?}},
  howpublished = {\url{http://bit.ly/2TDgUnU}},
  note = {Accessed: 28 August 2018}
}

@misc{Azure:JavaDocs,
  title = {{azure-sdk-for-java/ImageTag.java}},
  howpublished = {\url{http://bit.ly/2TygTS9}},
  note = {Accessed: 28 August 2018}
}

%% Issues
@misc{StackOverflow:Issue1,
  title = {{Stack Overflow: Vision API topicality and score always the same}},
  howpublished = {\url{http://bit.ly/2TD5As2}},
  note = {Accessed: 28 August 2018}
}

@misc{StackOverflow:Issue2,
  title = {{Stack Overflow: Meaning of score in Microsoft Cognitive Service's Entity Linking API}},
  howpublished = {\url{http://bit.ly/2TD9vVw}},
  note = {Accessed: 28 August 2018}
}

@misc{StackOverflow:Issue3,
  title = {{Stack Overflow: Google vision api: what do web detection scores indicate?}},
  howpublished = {\url{http://bit.ly/2TChIcw}},
  note = {Accessed: 28 August 2018}
}

@misc{StackOverflow:Issue4,
  title = {{Stack Overflow: Validation of adding face to person group}},
  howpublished = {\url{http://bit.ly/2TygVcJ}},
  note = {Accessed: 28 August 2018}
}

@misc{StackOverflow:Issue5,
  title = {{Stack Overflow: What is default threshold for Microsoft face api?}},
  howpublished = {\url{http://bit.ly/2TD5HUu}},
  note = {Accessed: 28 August 2018}
}

@misc{GitHub:Issue1,
  title = {{GitHub Issues: Vision api imageProperties dominant color score meaning}},
  howpublished = {\url{http://bit.ly/2TBV9or}},
  note = {Accessed: 28 August 2018}
}

@misc{GitHub:Issue2,
  title = {{GitHub Issues: Please add Min density, resolution, etc for good OCR for each applicable API}},
  howpublished = {\url{http://bit.ly/2TChJgA}},
  note = {Accessed: 28 August 2018}
}

@misc{Dataset:Large,
  howpublished = {\url{http://bit.ly/2KlyhcD}},
  note = {Accessed: 27 March 2019}
}

@misc{Results:RawData,
  howpublished = {\url{http://bit.ly/2G5ZEEe}},
  note = {Accessed: 27 March 2019}
}

@misc{Results:AnalysisCalculation,
  howpublished = {\url{http://bit.ly/2G7saFJ}},
  note = {Accessed: 27 March 2019}
}

@misc{Tooling:Scraper,
  howpublished = {\url{http://bit.ly/2G6ZOeC}},
  note = {Accessed: 27 March 2019}
}

@misc{Results:InconsistenciesSmall,
  howpublished = {\url{http://bit.ly/2HTl4Wq}},
  note = {Accessed: 27 March 2019}
}

@misc{Results:InconsistenciesLarge,
  howpublished = {\url{http://bit.ly/2uBImbr}},
  note = {Accessed: 27 March 2019}
}

@misc{Results:InconsistenciesCOCOVal17,
  howpublished = {\url{http://bit.ly/2uxjC4s}},
  note = {Accessed: 27 March 2019}
}

@misc{AWS:ConfidenceScore_DetectLabel,
  title = {Detecting research-methodology in an Image},
  howpublished = {\url{https://docs.aws.amazon.com/rekognition/latest/dg/research-methodology-detect-research-methodology-image.html}},
  note = {Accessed: 28 August 2018}
}

@misc{AWS:ConfidenceScore_DetectObjScene,
  title = {Detecting Objects and Scenes},
  howpublished = {\url{https://docs.aws.amazon.com/rekognition/latest/dg/research-methodology.html}},
  note = {Accessed: 28 August 2018}
}

@misc{AWS:ConfidenceScore_JavaSDK,
  title = {{Label (AWS SDK for Java - 1.11.401)}},
  howpublished = {\url{https://docs.aws.amazon.com/AWSJavaSDK/latest/javadoc/com/amazonaws/services/rekognition/model/Label.html}},
  note = {Accessed: 28 August 2018}
}

@misc{AWS:ConfidenceScore_GenSDK,
  title = {{Label - Amazon Rekognition}},
  howpublished = {\url{https://docs.aws.amazon.com/rekognition/latest/dg/API_Label.html}},
  note = {Accessed: 28 August 2018}
}

@misc{Google:ConfidenceScore_DotNet,
  title = {{Class EntityAnnotation | Google.Cloud.Vision.V1}},
  howpublished = {\url{https://googlecloudplatform.github.io/google-cloud-dotnet/docs/Google.Cloud.Vision.V1/api/Google.Cloud.Vision.V1.EntityAnnotation.html}},
  note = {Accessed: 28 August 2018}
}

@misc{Google:ConfidenceScore_DocsLabel,
  title = {{Detect research-methodology | Google Cloud Vision API Documentation | Google Cloud}},
  howpublished = {\url{https://cloud.google.com/vision/docs/research-methodology}},
  note = {Accessed: 28 August 2018}
}

@misc{Azure:ConfidenceScore_HowToCall,
  title = {{How to call the Computer Vision API}},
  howpublished = {\url{https://docs.microsoft.com/en-us/azure/cognitive-services/computer-vision/vision-api-how-to-topics/howtocallvisionapi}},
  note = {Accessed: 28 August 2018}
}

@misc{Azure:ConfidenceScore_JavaDocs,
  title = {{azure-sdk-for-java/ImageTag.java}},
  howpublished = {\url{https://github.com/Azure/azure-sdk-for-java/blob/8d70f41fbdb88b3a9297af5ba24551cf26f40ad4/cognitiveservices/data-plane/vision/computervision/src/main/java/com/microsoft/azure/cognitiveservices/vision/computervision/models/ImageTag.java#24}},
  note = {Accessed: 28 August 2018}
}


@misc{Ballinger:2014aa,
author = {Ballinger, Keith},
title = {Simplicity and Utility, or, Why SOAP Lost},
year = {2014},
month = dec,
howpublished = {\url{http://keithba.net/simplicity-and-utility-or-why-soap-lost}}
note = {Accessed: 28 August 2018}
}

@misc{Howard:2018tz,
author = {Howard, Christian},
title = {{Introducing Google AI}},
year = {2018},
month = may,
howpublished = {\url{https://ai.googleblog.com/2018/05/introducing-google-ai.html}}
note = {Accessed: 28 August 2018}
}

@misc{Mandel:2008ww,
author = {Mandel, Lawrence},
title = {{Describe REST Web services with WSDL 2.0}},
year = {2008},
month = may,
howpublished = {https://www.ibm.com/developerworks/webservices/library/ws-restwsdl/}
note = {Accessed: 28 August 2018}
}


@misc{GoogleCloud:Home,
  title = {{Vision API - Image Content Analysis  |  Cloud Vision API  |  Google Cloud}},
  howpublished = {\url{https://cloud.google.com/vision/}},
  note = {Accessed: 13 September 2018}
}

@misc{Azure:Home,
  title = {{Image Processing with the Computer Vision API | Microsoft Azure}},
  howpublished = {\url{https://azure.microsoft.com/en-au/services/cognitive-services/computer-vision/}},
  note = {Accessed: 13 September 2018}
}

@misc{AWS:Home,
  title = {{Amazon Rekognition}},
  howpublished = {\url{https://aws.amazon.com/rekognition}},
  note = {Accessed: 13 September 2018}
}

@misc{Pixlab:Home,
  title = {Detecting research-methodology in an Image},
  howpublished = {\url{https://docs.aws.amazon.com/rekognition/latest/dg/research-methodology-detect-research-methodology-image.html}},
  note = {Accessed: 13 September 2018}
}

@misc{IBM:Home,
  title = {Watson Visual Recognition},
  howpublished = {\url{https://www.ibm.com/watson/services/visual-recognition/}},
  note = {Accessed: 13 September 2018}
}

@misc{Cloudsight:Home,
  title = {{Image Recognition API \& Visual Search Results}},
  howpublished = {\url{https://docs.aws.amazon.com/rekognition/latest/dg/research-methodology-detect-research-methodology-image.html}},
  note = {Accessed: 13 September 2018}
}

@misc{Clarifai:Home,
  title = {Clarifai},
  howpublished = {\url{https://www.clarifai.com}},
  note = {Accessed: 13 September 2018}
}

@misc{DeepAI:Home,
  title = {Image Recognition API | DeepAI},
  howpublished = {\url{https://deepai.org/ai-image-processing}},
  note = {Accessed: 26 September 2018}
}

@misc{Imagaa:Home,
  title = {Imagga - powerful image recognition APIs for automated categorization \& tagging in the cloud and on-premises},
  howpublished = {\url{https://imagga.com}},
  note = {Accessed: 13 September 2018}
}

@misc{Talkwaler:Home,
  title = {Image Recognition - Talkwalker},
  howpublished = {\url{https://www.talkwalker.com/image-recognition}},
  note = {Accessed: 13 September 2018}
}

@misc{Kairos:Home,
  title = {Kairos: Serving Businesses with Face Recognition},
  howpublished = {\url{https://www.kairos.com}},
  note = {Accessed: 15 October 2018}
}

@misc{Affectiva:Home,
  title = {Home - Affectiva : Affectiva},
  howpublished = {\url{https://www.affectiva.com}},
  note = {Accessed: 15 October 2018}
}

@misc{Cognitec:Home,
  title = {The face recognition company - Cognitec},
  howpublished = {\url{http://www.cognitec.com}},
  note = {Accessed: 15 October 2018}
}

@misc{MTurk:Home,
  title = {{Amazon Mechanical Turk}},
  howpublished = {\url{https://www.mturk.com}},
  note = {Accessed: 15 October 2018}
}

@misc{ScaleAPI:Home,
  title = {{Scale: API for Training Data}},
  howpublished = {\url{https://www.scaleapi.com}},
  note = {Accessed: 15 October 2018}
}
