@misc{GoogleCloud:Home,
author = {{Google LLC}},
title = {{Vision API - Image Content Analysis  |  Cloud Vision API  |  Google Cloud}},
howpublished = {\url{http://bit.ly/2TD9mBs}},
note = {Accessed: 13 September 2018},
year = {2018}
}
@misc{Azure:Home,
author = {{Microsoft Corporation}},
title = {{Image Processing with the Computer Vision API | Microsoft Azure}},
howpublished = {\url{http://bit.ly/2YqhkS6}},
note = {Accessed: 13 September 2018},
year = {2018}
}
@misc{AWS:Home,
author = {{Amazon Web Services, Inc.}},
title = {{Amazon Rekognition}},
howpublished = {\url{https://amzn.to/2TyT2BL}},
note = {Accessed: 13 September 2018},
year = {2018}
}
@misc{Pixlab:Home,
author = {{Symisc Systems, S.U.A.R.L}},
title = {{Computer Vision \& Media Processing APIs | PixLab}},
howpublished = {\url{http://bit.ly/2UlkW9K}},
note = {Accessed: 13 September 2018},
year = {2018}
}
@misc{IBM:Home,
author = {{International Business Machines Corporation}},
title = {{Watson Visual Recognition - Overview | IBM}},
howpublished = {\url{https://ibm.co/2TBNIO4}},
note = {Accessed: 13 September 2018},
year = {2018}
}
@misc{Cloudsight:Home,
author = {{CloudSight, Inc.}},
title = {{Image Recognition API \& Visual Search Results | CloudSight AI}},
howpublished = {\url{http://bit.ly/2UmNPCw}},
note = {Accessed: 13 September 2018},
year = {2018}
}
@misc{Clarifai:Home,
author = {{Clarifai, Inc.}},
title = {{Enterprise AI Powered Computer Vision Solutions | Clarifai}},
howpublished = {\url{http://bit.ly/2TB3kSa}},
note = {Accessed: 13 September 2018},
year = {2018}
}
@misc{DeepAI:Home,
author = {{Deep AI, Inc.}},
title = {{DeepAI: The front page of A.I. | DeepAI}},
howpublished = {\url{http://bit.ly/2TBNYgf}},
note = {Accessed: 26 September 2018},
year = {2018}
}
@misc{Imagaa:Home,
author = {{Imagga Technologies}},
title = {{Imagga - powerful image recognition APIs for automated categorization \& tagging in the cloud and on-premises}},
howpublished = {\url{http://bit.ly/2TxsyRe}},
note = {Accessed: 13 September 2018},
year = {2018}
}
@misc{Talkwaler:Home,
author = {{Talkwalker Inc.}},
title = {{Image Recognition - Talkwalker}},
howpublished = {\url{http://bit.ly/2TyT7W5}},
note = {Accessed: 13 September 2018},
year = {2018}
}
@misc{Megvii:Home,
author = {{Beijing Kuangshi Technology Co., Ltd.}},
title = {{Megvii}},
howpublished = {\url{http://bit.ly/2WJYFzk}},
note = {Accessed: 3 April 2019},
year = {2018}
}
@misc{TupuTech:Home,
author = {{Guangzhou Tup Network Technology}},
title = {{TupuTech}},
howpublished = {\url{http://bit.ly/2uF4IsN}},
note = {Accessed: 3 April 2019},
year = {2018}
}
@misc{YiTuTech:Home,
author = {{Shanghai Yitu Technology Co., Ltd.}},
title = {{Yitu Technology}},
howpublished = {\url{http://bit.ly/2uGvxgf}},
note = {Accessed: 3 April 2019},
year = {2018}
}
@misc{SenseTime:Home,
author = {{SenseTime}},
title = {{SenseTime}},
howpublished = {\url{http://bit.ly/2WH6RjF}},
note = {Accessed: 3 April 2019},
year = {2018}
}
@misc{DeepGlint:Home,
author = {{Beijing Geling Shentong Information Technology Co., Ltd.}},
title = {{DeepGlint}},
howpublished = {\url{http://bit.ly/2uHHdPS}},
note = {Accessed: 3 April 2019},
year = {2018}
}
@misc{Kairos:Home,
author = {{Kairos AR, Inc.}},
title = {{Kairos: Serving Businesses with Face Recognition}},
howpublished = {\url{http://bit.ly/30WHGNs}},
note = {Accessed: 15 October 2018},
year = {2018}
}
@misc{Affectiva:Home,
author = {{Affectiva, Inc.}},
title = {{Home - Affectiva : Affectiva}},
howpublished = {\url{http://bit.ly/36sgbMM}},
note = {Accessed: 15 October 2018},
year = {2018}
}
@misc{Cognitec:Home,
author = {{Cognitec Systems GmbH}},
title = {{The face recognition company - Cognitec}},
howpublished = {\url{http://bit.ly/38VguBB}},
note = {Accessed: 15 October 2018},
year = {2018}
}
@misc{MTurk:Home,
author = {{Amazon Web Services, Inc.}},
title = {{Amazon Mechanical Turk}},
howpublished = {\url{http://bit.ly/2Gu9W0l}},
note = {Accessed: 15 October 2018},
year = {2018}
}
@misc{ScaleAPI:Home,
author = {{Scale AI, Inc.}},
title = {{Scale: API for Training Data}},
howpublished = {\url{http://bit.ly/2Gxk4W0}},
note = {Accessed: 15 October 2018},
year = {2018}
}
@misc{WatsonTo57:online,
author = {{International Business Machines Corporation}},
title = {{Watson Tone Analyzer}},
howpublished = {\url{https://ibm.co/37w3y4A}},
month = {},
year = {2019},
note = {Accessed: 25 January 2019},
year = {2019}
}
@misc{Sentimen31:online,
author = {{TheySay Limited}},
title = {{Sentiment Analysis API | TheySay}},
howpublished = {\url{http://bit.ly/37AzTHI}},
month = {},
year = {2019},
note = {Accessed: 25 January 2019}
}
