@misc{AWS:ConfidenceScore_DetectLabel,
  title = {Detecting research-methodology in an Image},
  howpublished = {\url{https://docs.aws.amazon.com/rekognition/latest/dg/research-methodology-detect-research-methodology-image.html}},
  note = {Accessed: 28 August 2018}
}

@misc{AWS:ConfidenceScore_DetectObjScene,
  title = {Detecting Objects and Scenes},
  howpublished = {\url{https://docs.aws.amazon.com/rekognition/latest/dg/research-methodology.html}},
  note = {Accessed: 28 August 2018}
}

@misc{AWS:ConfidenceScore_JavaSDK,
  title = {{Label (AWS SDK for Java - 1.11.401)}},
  howpublished = {\url{https://docs.aws.amazon.com/AWSJavaSDK/latest/javadoc/com/amazonaws/services/rekognition/model/Label.html}},
  note = {Accessed: 28 August 2018}
}

@misc{AWS:ConfidenceScore_GenSDK,
  title = {{Label - Amazon Rekognition}},
  howpublished = {\url{https://docs.aws.amazon.com/rekognition/latest/dg/API_Label.html}},
  note = {Accessed: 28 August 2018}
}

@misc{Google:ConfidenceScore_DotNet,
  title = {{Class EntityAnnotation | Google.Cloud.Vision.V1}},
  howpublished = {\url{https://googlecloudplatform.github.io/google-cloud-dotnet/docs/Google.Cloud.Vision.V1/api/Google.Cloud.Vision.V1.EntityAnnotation.html}},
  note = {Accessed: 28 August 2018}
}

@misc{Google:ConfidenceScore_DocsLabel,
  title = {{Detect research-methodology | Google Cloud Vision API Documentation | Google Cloud}},
  howpublished = {\url{https://cloud.google.com/vision/docs/research-methodology}},
  note = {Accessed: 28 August 2018}
}

@misc{Azure:ConfidenceScore_HowToCall,
  title = {{How to call the Computer Vision API}},
  howpublished = {\url{https://docs.microsoft.com/en-us/azure/cognitive-services/computer-vision/vision-api-how-to-topics/howtocallvisionapi}},
  note = {Accessed: 28 August 2018}
}

@misc{Azure:ConfidenceScore_JavaDocs,
  title = {{azure-sdk-for-java/ImageTag.java}},
  howpublished = {\url{https://github.com/Azure/azure-sdk-for-java/blob/8d70f41fbdb88b3a9297af5ba24551cf26f40ad4/cognitiveservices/data-plane/vision/computervision/src/main/java/com/microsoft/azure/cognitiveservices/vision/computervision/models/ImageTag.java#24}},
  note = {Accessed: 28 August 2018}
}
