@misc{GoogleCloud:Home,
  title = {{Vision API - Image Content Analysis  |  Cloud Vision API  |  Google Cloud}},
  howpublished = {\url{https://cloud.google.com/vision/}},
  note = {Accessed: 13 September 2018}
}

@misc{Azure:Home,
  title = {{Image Processing with the Computer Vision API | Microsoft Azure}},
  howpublished = {\url{https://azure.microsoft.com/en-au/services/cognitive-services/computer-vision/}},
  note = {Accessed: 13 September 2018}
}

@misc{AWS:Home,
  title = {{Amazon Rekognition}},
  howpublished = {\url{https://aws.amazon.com/rekognition}},
  note = {Accessed: 13 September 2018}
}

@misc{Pixlab:Home,
  title = {Detecting Labels in an Image},
  howpublished = {\url{https://docs.aws.amazon.com/rekognition/latest/dg/labels-detect-labels-image.html}},
  note = {Accessed: 13 September 2018}
}

@misc{IBM:Home,
  title = {Watson Visual Recognition},
  howpublished = {\url{https://www.ibm.com/watson/services/visual-recognition/}},
  note = {Accessed: 13 September 2018}
}

@misc{Cloudsight:Home,
  title = {{Image Recognition API \& Visual Search Results}},
  howpublished = {\url{https://docs.aws.amazon.com/rekognition/latest/dg/labels-detect-labels-image.html}},
  note = {Accessed: 13 September 2018}
}

@misc{Clarifai:Home,
  title = {Clarifai},
  howpublished = {\url{https://www.clarifai.com}},
  note = {Accessed: 13 September 2018}
}

@misc{DeepAI:Home,
  title = {Image Recognition API | DeepAI},
  howpublished = {\url{https://deepai.org/ai-image-processing}},
  note = {Accessed: 26 September 2018}
}

@misc{Imagaa:Home,
  title = {Imagga - powerful image recognition APIs for automated categorization \& tagging in the cloud and on-premises},
  howpublished = {\url{https://imagga.com}},
  note = {Accessed: 13 September 2018}
}

@misc{Talkwaler:Home,
  title = {Image Recognition - Talkwalker},
  howpublished = {\url{https://www.talkwalker.com/image-recognition}},
  note = {Accessed: 13 September 2018}
}

@misc{Kairos:Home,
  title = {Kairos: Serving Businesses with Face Recognition},
  howpublished = {\url{https://www.kairos.com}},
  note = {Accessed: 15 October 2018}
}

@misc{Affectiva:Home,
  title = {Home - Affectiva : Affectiva},
  howpublished = {\url{https://www.affectiva.com}},
  note = {Accessed: 15 October 2018}
}

@misc{Cognitec:Home,
  title = {The face recognition company - Cognitec},
  howpublished = {\url{http://www.cognitec.com}},
  note = {Accessed: 15 October 2018}
}