@book{OEDDefinition:System,
  author={{Oxford English Dictionary}},
  note={5th Edition. Retrieved 13 July 2017, \textless\url{http://www.oed.com/view/Entry/196665}\textgreater.},
  year={2015}
}

@conference{Bezivin:2002,
  title = "Technological Spaces: An Initial Appraisal",
  keywords = "IR-55814, EWI-10206",
  author = "Ivan Ivanov and Jean BÃ©zivin and Mehmet Aksit",
  note = "\textless\url{http://www.cs.rmit.edu.au/fedconf/2002/program.html}\textgreater.",
  year = "2002",
  month = "10",
  pages = "1--6",
}

@Book{Rutten:2004a,
author={J. Rutten and M. Kwiatkowska and G. Norman and D. Parker},
title={Mathematical Techniques for Analyzing Concurrent and Probabilistic Systems, {\rm P. Panangaden and F. van Breugel (eds.)}},
publisher={American Mathematical Society},
year={2004},

volume={23},
series={CRM Monograph Series},
address={},
edition={},
month={},
note={},
key={}
}